%YAML 1.1
%TAG !u! tag:unity3d.com,2011:
--- !u!1 &615579784742247670
GameObject:
  m_ObjectHideFlags: 0
  m_CorrespondingSourceObject: {fileID: 0}
  m_PrefabInstance: {fileID: 0}
  m_PrefabAsset: {fileID: 0}
  serializedVersion: 6
  m_Component:
  - component: {fileID: 174948107472431973}
  - component: {fileID: 2847586110359637712}
  - component: {fileID: 72664321822239446}
  - component: {fileID: 5785594542146563906}
  - component: {fileID: 4303525168934544748}
  m_Layer: 14
  m_Name: FreshAir
  m_TagString: Untagged
  m_Icon: {fileID: 0}
  m_NavMeshLayer: 0
  m_StaticEditorFlags: 0
  m_IsActive: 0
--- !u!4 &174948107472431973
Transform:
  m_ObjectHideFlags: 0
  m_CorrespondingSourceObject: {fileID: 0}
  m_PrefabInstance: {fileID: 0}
  m_PrefabAsset: {fileID: 0}
  m_GameObject: {fileID: 615579784742247670}
  m_LocalRotation: {x: 0.122173496, y: -0.38323328, z: -0.13380347, w: 0.90570563}
  m_LocalPosition: {x: 0, y: 0, z: 0}
  m_LocalScale: {x: 0.7, y: 0.7, z: 0.7}
  m_Children:
  - {fileID: 104560737902248727}
  - {fileID: 7875281609418328768}
  m_Father: {fileID: 4545860225364616160}
  m_RootOrder: 6
  m_LocalEulerAnglesHint: {x: 6.82, y: -47.06, z: -19.78}
--- !u!33 &2847586110359637712
MeshFilter:
  m_ObjectHideFlags: 0
  m_CorrespondingSourceObject: {fileID: 0}
  m_PrefabInstance: {fileID: 0}
  m_PrefabAsset: {fileID: 0}
  m_GameObject: {fileID: 615579784742247670}
  m_Mesh: {fileID: 10202, guid: 0000000000000000e000000000000000, type: 0}
--- !u!23 &72664321822239446
MeshRenderer:
  m_ObjectHideFlags: 0
  m_CorrespondingSourceObject: {fileID: 0}
  m_PrefabInstance: {fileID: 0}
  m_PrefabAsset: {fileID: 0}
  m_GameObject: {fileID: 615579784742247670}
  m_Enabled: 0
  m_CastShadows: 1
  m_ReceiveShadows: 1
  m_DynamicOccludee: 1
  m_MotionVectors: 1
  m_LightProbeUsage: 1
  m_ReflectionProbeUsage: 1
  m_RayTracingMode: 2
  m_RayTraceProcedural: 0
  m_RenderingLayerMask: 1
  m_RendererPriority: 0
  m_Materials:
  - {fileID: 2100000, guid: 143f07180f77c2048946ae0721928953, type: 2}
  m_StaticBatchInfo:
    firstSubMesh: 0
    subMeshCount: 0
  m_StaticBatchRoot: {fileID: 0}
  m_ProbeAnchor: {fileID: 0}
  m_LightProbeVolumeOverride: {fileID: 0}
  m_ScaleInLightmap: 1
  m_ReceiveGI: 1
  m_PreserveUVs: 0
  m_IgnoreNormalsForChartDetection: 0
  m_ImportantGI: 0
  m_StitchLightmapSeams: 1
  m_SelectedEditorRenderState: 3
  m_MinimumChartSize: 4
  m_AutoUVMaxDistance: 0.5
  m_AutoUVMaxAngle: 89
  m_LightmapParameters: {fileID: 0}
  m_SortingLayerID: 0
  m_SortingLayer: 0
  m_SortingOrder: 0
  m_AdditionalVertexStreams: {fileID: 0}
--- !u!65 &5785594542146563906
BoxCollider:
  m_ObjectHideFlags: 0
  m_CorrespondingSourceObject: {fileID: 0}
  m_PrefabInstance: {fileID: 0}
  m_PrefabAsset: {fileID: 0}
  m_GameObject: {fileID: 615579784742247670}
  m_Material: {fileID: 0}
  m_IsTrigger: 1
  m_Enabled: 1
  serializedVersion: 2
  m_Size: {x: 1, y: 1, z: 1}
  m_Center: {x: 0, y: 0, z: 0}
--- !u!114 &4303525168934544748
MonoBehaviour:
  m_ObjectHideFlags: 0
  m_CorrespondingSourceObject: {fileID: 0}
  m_PrefabInstance: {fileID: 0}
  m_PrefabAsset: {fileID: 0}
  m_GameObject: {fileID: 615579784742247670}
  m_Enabled: 1
  m_EditorHideFlags: 0
  m_Script: {fileID: 11500000, guid: b8f96fe4861e0374692f1a718b2f3849, type: 3}
  m_Name: 
  m_EditorClassIdentifier: 
  keyType: 5
--- !u!1 &1228305822804905397
GameObject:
  m_ObjectHideFlags: 0
  m_CorrespondingSourceObject: {fileID: 0}
  m_PrefabInstance: {fileID: 0}
  m_PrefabAsset: {fileID: 0}
  serializedVersion: 6
  m_Component:
  - component: {fileID: 811914061257432021}
  - component: {fileID: 3939976307934429654}
  m_Layer: 14
  m_Name: Light
  m_TagString: Untagged
  m_Icon: {fileID: 0}
  m_NavMeshLayer: 0
  m_StaticEditorFlags: 0
  m_IsActive: 1
--- !u!4 &811914061257432021
Transform:
  m_ObjectHideFlags: 0
  m_CorrespondingSourceObject: {fileID: 0}
  m_PrefabInstance: {fileID: 0}
  m_PrefabAsset: {fileID: 0}
  m_GameObject: {fileID: 1228305822804905397}
  m_LocalRotation: {x: 0, y: 0, z: 0, w: 1}
  m_LocalPosition: {x: -0.014, y: 0.713, z: -1.039}
  m_LocalScale: {x: 1, y: 1, z: 1}
  m_Children: []
  m_Father: {fileID: 5587443152647187089}
  m_RootOrder: 1
  m_LocalEulerAnglesHint: {x: 0, y: 0, z: 0}
--- !u!108 &3939976307934429654
Light:
  m_ObjectHideFlags: 0
  m_CorrespondingSourceObject: {fileID: 0}
  m_PrefabInstance: {fileID: 0}
  m_PrefabAsset: {fileID: 0}
  m_GameObject: {fileID: 1228305822804905397}
  m_Enabled: 1
  serializedVersion: 10
  m_Type: 2
  m_Shape: 0
  m_Color: {r: 1, g: 1, b: 1, a: 1}
  m_Intensity: 1.61
  m_Range: 10
  m_SpotAngle: 30
  m_InnerSpotAngle: 21.80208
  m_CookieSize: 10
  m_Shadows:
    m_Type: 0
    m_Resolution: -1
    m_CustomResolution: -1
    m_Strength: 1
    m_Bias: 0.05
    m_NormalBias: 0.4
    m_NearPlane: 0.2
    m_CullingMatrixOverride:
      e00: 1
      e01: 0
      e02: 0
      e03: 0
      e10: 0
      e11: 1
      e12: 0
      e13: 0
      e20: 0
      e21: 0
      e22: 1
      e23: 0
      e30: 0
      e31: 0
      e32: 0
      e33: 1
    m_UseCullingMatrixOverride: 0
  m_Cookie: {fileID: 0}
  m_DrawHalo: 0
  m_Flare: {fileID: 0}
  m_RenderMode: 0
  m_CullingMask:
    serializedVersion: 2
    m_Bits: 16384
  m_RenderingLayerMask: 1
  m_Lightmapping: 4
  m_LightShadowCasterMode: 0
  m_AreaSize: {x: 1, y: 1}
  m_BounceIntensity: 1
  m_ColorTemperature: 6570
  m_UseColorTemperature: 0
  m_BoundingSphereOverride: {x: 0, y: 0, z: 0, w: 0}
  m_UseBoundingSphereOverride: 0
  m_UseViewFrustumForShadowCasterCull: 1
  m_ShadowRadius: 0
  m_ShadowAngle: 0
--- !u!1 &1475481758677869733
GameObject:
  m_ObjectHideFlags: 0
  m_CorrespondingSourceObject: {fileID: 0}
  m_PrefabInstance: {fileID: 0}
  m_PrefabAsset: {fileID: 0}
  serializedVersion: 6
  m_Component:
  - component: {fileID: 6976511408447845850}
  - component: {fileID: 8424794252253091464}
  - component: {fileID: 833217111363738241}
  - component: {fileID: 8383510970943002330}
  - component: {fileID: 8920349021486380806}
  m_Layer: 14
  m_Name: Lid
  m_TagString: Untagged
  m_Icon: {fileID: 0}
  m_NavMeshLayer: 0
  m_StaticEditorFlags: 0
  m_IsActive: 0
--- !u!4 &6976511408447845850
Transform:
  m_ObjectHideFlags: 0
  m_CorrespondingSourceObject: {fileID: 0}
  m_PrefabInstance: {fileID: 0}
  m_PrefabAsset: {fileID: 0}
  m_GameObject: {fileID: 1475481758677869733}
  m_LocalRotation: {x: 0, y: 0, z: 0, w: 1}
  m_LocalPosition: {x: 0, y: 0, z: 0}
  m_LocalScale: {x: 0.7, y: 0.7, z: 0.7}
  m_Children:
  - {fileID: 3434117822058447902}
  - {fileID: 1869534994242726044}
  m_Father: {fileID: 4545860225364616160}
  m_RootOrder: 7
  m_LocalEulerAnglesHint: {x: 0, y: 0, z: 0}
--- !u!33 &8424794252253091464
MeshFilter:
  m_ObjectHideFlags: 0
  m_CorrespondingSourceObject: {fileID: 0}
  m_PrefabInstance: {fileID: 0}
  m_PrefabAsset: {fileID: 0}
  m_GameObject: {fileID: 1475481758677869733}
  m_Mesh: {fileID: 10202, guid: 0000000000000000e000000000000000, type: 0}
--- !u!23 &833217111363738241
MeshRenderer:
  m_ObjectHideFlags: 0
  m_CorrespondingSourceObject: {fileID: 0}
  m_PrefabInstance: {fileID: 0}
  m_PrefabAsset: {fileID: 0}
  m_GameObject: {fileID: 1475481758677869733}
  m_Enabled: 0
  m_CastShadows: 1
  m_ReceiveShadows: 1
  m_DynamicOccludee: 1
  m_MotionVectors: 1
  m_LightProbeUsage: 1
  m_ReflectionProbeUsage: 1
  m_RayTracingMode: 2
  m_RayTraceProcedural: 0
  m_RenderingLayerMask: 1
  m_RendererPriority: 0
  m_Materials:
  - {fileID: 2100000, guid: 143f07180f77c2048946ae0721928953, type: 2}
  m_StaticBatchInfo:
    firstSubMesh: 0
    subMeshCount: 0
  m_StaticBatchRoot: {fileID: 0}
  m_ProbeAnchor: {fileID: 0}
  m_LightProbeVolumeOverride: {fileID: 0}
  m_ScaleInLightmap: 1
  m_ReceiveGI: 1
  m_PreserveUVs: 0
  m_IgnoreNormalsForChartDetection: 0
  m_ImportantGI: 0
  m_StitchLightmapSeams: 1
  m_SelectedEditorRenderState: 3
  m_MinimumChartSize: 4
  m_AutoUVMaxDistance: 0.5
  m_AutoUVMaxAngle: 89
  m_LightmapParameters: {fileID: 0}
  m_SortingLayerID: 0
  m_SortingLayer: 0
  m_SortingOrder: 0
  m_AdditionalVertexStreams: {fileID: 0}
--- !u!65 &8383510970943002330
BoxCollider:
  m_ObjectHideFlags: 0
  m_CorrespondingSourceObject: {fileID: 0}
  m_PrefabInstance: {fileID: 0}
  m_PrefabAsset: {fileID: 0}
  m_GameObject: {fileID: 1475481758677869733}
  m_Material: {fileID: 0}
  m_IsTrigger: 1
  m_Enabled: 1
  serializedVersion: 2
  m_Size: {x: 3, y: 6, z: 3}
  m_Center: {x: 0, y: 0, z: 0}
--- !u!114 &8920349021486380806
MonoBehaviour:
  m_ObjectHideFlags: 0
  m_CorrespondingSourceObject: {fileID: 0}
  m_PrefabInstance: {fileID: 0}
  m_PrefabAsset: {fileID: 0}
  m_GameObject: {fileID: 1475481758677869733}
  m_Enabled: 1
  m_EditorHideFlags: 0
  m_Script: {fileID: 11500000, guid: b8f96fe4861e0374692f1a718b2f3849, type: 3}
  m_Name: 
  m_EditorClassIdentifier: 
  keyType: 6
--- !u!1 &2176982554853640252
GameObject:
  m_ObjectHideFlags: 0
  m_CorrespondingSourceObject: {fileID: 0}
  m_PrefabInstance: {fileID: 0}
  m_PrefabAsset: {fileID: 0}
  serializedVersion: 6
  m_Component:
  - component: {fileID: 4545860225364616160}
  - component: {fileID: 2576290676664690869}
  - component: {fileID: 7371058680651029420}
  m_Layer: 0
  m_Name: ItemPickedVFX
  m_TagString: Untagged
  m_Icon: {fileID: 0}
  m_NavMeshLayer: 0
  m_StaticEditorFlags: 0
  m_IsActive: 1
--- !u!4 &4545860225364616160
Transform:
  m_ObjectHideFlags: 0
  m_CorrespondingSourceObject: {fileID: 0}
  m_PrefabInstance: {fileID: 0}
  m_PrefabAsset: {fileID: 0}
  m_GameObject: {fileID: 2176982554853640252}
  m_LocalRotation: {x: 0, y: 0, z: 0, w: 1}
  m_LocalPosition: {x: 10.61, y: 9.019303, z: -3.66}
  m_LocalScale: {x: 1, y: 1, z: 1}
  m_Children:
  - {fileID: 308293417247145536}
  - {fileID: 4230441868602878640}
  - {fileID: 5587443152647187089}
  - {fileID: 7152150979719780526}
  - {fileID: 6717787427148432244}
  - {fileID: 4412544321310460192}
  - {fileID: 174948107472431973}
  - {fileID: 6976511408447845850}
  - {fileID: 62778587199587600}
  m_Father: {fileID: 0}
  m_RootOrder: 0
  m_LocalEulerAnglesHint: {x: 0, y: 0, z: 0}
--- !u!114 &2576290676664690869
MonoBehaviour:
  m_ObjectHideFlags: 0
  m_CorrespondingSourceObject: {fileID: 0}
  m_PrefabInstance: {fileID: 0}
  m_PrefabAsset: {fileID: 0}
  m_GameObject: {fileID: 2176982554853640252}
  m_Enabled: 1
  m_EditorHideFlags: 0
  m_Script: {fileID: 11500000, guid: 37b89a5f36304a7084096e3e22abd34f, type: 3}
  m_Name: 
  m_EditorClassIdentifier: 
--- !u!114 &7371058680651029420
MonoBehaviour:
  m_ObjectHideFlags: 0
  m_CorrespondingSourceObject: {fileID: 0}
  m_PrefabInstance: {fileID: 0}
  m_PrefabAsset: {fileID: 0}
  m_GameObject: {fileID: 2176982554853640252}
  m_Enabled: 1
  m_EditorHideFlags: 0
  m_Script: {fileID: 11500000, guid: 18303ae1f18b4d8392b700f349b264da, type: 3}
  m_Name: 
  m_EditorClassIdentifier: 
  _tween: {fileID: 2576290676664690869}
  _keysByIndex:
  - {fileID: 9156328400530298679}
  - {fileID: 3648227866393112067}
  - {fileID: 3802788747397166099}
  - {fileID: 5820789866357632536}
  - {fileID: 2563820858255205908}
  - {fileID: 615579784742247670}
  - {fileID: 1475481758677869733}
  - {fileID: 9180973501079966960}
--- !u!1 &2563820858255205908
GameObject:
  m_ObjectHideFlags: 0
  m_CorrespondingSourceObject: {fileID: 0}
  m_PrefabInstance: {fileID: 0}
  m_PrefabAsset: {fileID: 0}
  serializedVersion: 6
  m_Component:
  - component: {fileID: 4412544321310460192}
  - component: {fileID: 8996041778348567708}
  - component: {fileID: 5648356307631359815}
  - component: {fileID: 1130579156826340454}
  - component: {fileID: 1176099798186404795}
  m_Layer: 14
  m_Name: Vinegar
  m_TagString: Untagged
  m_Icon: {fileID: 0}
  m_NavMeshLayer: 0
  m_StaticEditorFlags: 0
  m_IsActive: 0
--- !u!4 &4412544321310460192
Transform:
  m_ObjectHideFlags: 0
  m_CorrespondingSourceObject: {fileID: 0}
  m_PrefabInstance: {fileID: 0}
  m_PrefabAsset: {fileID: 0}
  m_GameObject: {fileID: 2563820858255205908}
  m_LocalRotation: {x: 0, y: 0, z: 0, w: 1}
  m_LocalPosition: {x: 0, y: 0, z: 0}
  m_LocalScale: {x: 0.7, y: 0.7, z: 0.7}
  m_Children:
  - {fileID: 4617769625563806717}
  - {fileID: 806967778362101644}
  m_Father: {fileID: 4545860225364616160}
  m_RootOrder: 5
  m_LocalEulerAnglesHint: {x: 0, y: 0, z: 0}
--- !u!33 &8996041778348567708
MeshFilter:
  m_ObjectHideFlags: 0
  m_CorrespondingSourceObject: {fileID: 0}
  m_PrefabInstance: {fileID: 0}
  m_PrefabAsset: {fileID: 0}
  m_GameObject: {fileID: 2563820858255205908}
  m_Mesh: {fileID: 10202, guid: 0000000000000000e000000000000000, type: 0}
--- !u!23 &5648356307631359815
MeshRenderer:
  m_ObjectHideFlags: 0
  m_CorrespondingSourceObject: {fileID: 0}
  m_PrefabInstance: {fileID: 0}
  m_PrefabAsset: {fileID: 0}
  m_GameObject: {fileID: 2563820858255205908}
  m_Enabled: 0
  m_CastShadows: 1
  m_ReceiveShadows: 1
  m_DynamicOccludee: 1
  m_MotionVectors: 1
  m_LightProbeUsage: 1
  m_ReflectionProbeUsage: 1
  m_RayTracingMode: 2
  m_RayTraceProcedural: 0
  m_RenderingLayerMask: 1
  m_RendererPriority: 0
  m_Materials:
  - {fileID: 2100000, guid: 143f07180f77c2048946ae0721928953, type: 2}
  m_StaticBatchInfo:
    firstSubMesh: 0
    subMeshCount: 0
  m_StaticBatchRoot: {fileID: 0}
  m_ProbeAnchor: {fileID: 0}
  m_LightProbeVolumeOverride: {fileID: 0}
  m_ScaleInLightmap: 1
  m_ReceiveGI: 1
  m_PreserveUVs: 0
  m_IgnoreNormalsForChartDetection: 0
  m_ImportantGI: 0
  m_StitchLightmapSeams: 1
  m_SelectedEditorRenderState: 3
  m_MinimumChartSize: 4
  m_AutoUVMaxDistance: 0.5
  m_AutoUVMaxAngle: 89
  m_LightmapParameters: {fileID: 0}
  m_SortingLayerID: 0
  m_SortingLayer: 0
  m_SortingOrder: 0
  m_AdditionalVertexStreams: {fileID: 0}
--- !u!65 &1130579156826340454
BoxCollider:
  m_ObjectHideFlags: 0
  m_CorrespondingSourceObject: {fileID: 0}
  m_PrefabInstance: {fileID: 0}
  m_PrefabAsset: {fileID: 0}
  m_GameObject: {fileID: 2563820858255205908}
  m_Material: {fileID: 0}
  m_IsTrigger: 1
  m_Enabled: 1
  serializedVersion: 2
  m_Size: {x: 3, y: 8, z: 3}
  m_Center: {x: 0, y: 0, z: 0}
--- !u!114 &1176099798186404795
MonoBehaviour:
  m_ObjectHideFlags: 0
  m_CorrespondingSourceObject: {fileID: 0}
  m_PrefabInstance: {fileID: 0}
  m_PrefabAsset: {fileID: 0}
  m_GameObject: {fileID: 2563820858255205908}
  m_Enabled: 1
  m_EditorHideFlags: 0
  m_Script: {fileID: 11500000, guid: b8f96fe4861e0374692f1a718b2f3849, type: 3}
  m_Name: 
  m_EditorClassIdentifier: 
  keyType: 4
--- !u!1 &2846636562980715084
GameObject:
  m_ObjectHideFlags: 0
  m_CorrespondingSourceObject: {fileID: 0}
  m_PrefabInstance: {fileID: 0}
  m_PrefabAsset: {fileID: 0}
  serializedVersion: 6
  m_Component:
  - component: {fileID: 7875281609418328768}
  - component: {fileID: 4531113661905353364}
  m_Layer: 14
  m_Name: Light
  m_TagString: Untagged
  m_Icon: {fileID: 0}
  m_NavMeshLayer: 0
  m_StaticEditorFlags: 0
  m_IsActive: 1
--- !u!4 &7875281609418328768
Transform:
  m_ObjectHideFlags: 0
  m_CorrespondingSourceObject: {fileID: 0}
  m_PrefabInstance: {fileID: 0}
  m_PrefabAsset: {fileID: 0}
  m_GameObject: {fileID: 2846636562980715084}
  m_LocalRotation: {x: 0, y: 0, z: 0, w: 1}
  m_LocalPosition: {x: -2.42, y: 0.699, z: -1.316}
  m_LocalScale: {x: 1, y: 1, z: 1}
  m_Children: []
  m_Father: {fileID: 174948107472431973}
  m_RootOrder: 1
  m_LocalEulerAnglesHint: {x: 0, y: 0, z: 0}
--- !u!108 &4531113661905353364
Light:
  m_ObjectHideFlags: 0
  m_CorrespondingSourceObject: {fileID: 0}
  m_PrefabInstance: {fileID: 0}
  m_PrefabAsset: {fileID: 0}
  m_GameObject: {fileID: 2846636562980715084}
  m_Enabled: 1
  serializedVersion: 10
  m_Type: 2
  m_Shape: 0
  m_Color: {r: 1, g: 1, b: 1, a: 1}
  m_Intensity: 1.05
  m_Range: 10
  m_SpotAngle: 30
  m_InnerSpotAngle: 21.80208
  m_CookieSize: 10
  m_Shadows:
    m_Type: 0
    m_Resolution: -1
    m_CustomResolution: -1
    m_Strength: 1
    m_Bias: 0.05
    m_NormalBias: 0.4
    m_NearPlane: 0.2
    m_CullingMatrixOverride:
      e00: 1
      e01: 0
      e02: 0
      e03: 0
      e10: 0
      e11: 1
      e12: 0
      e13: 0
      e20: 0
      e21: 0
      e22: 1
      e23: 0
      e30: 0
      e31: 0
      e32: 0
      e33: 1
    m_UseCullingMatrixOverride: 0
  m_Cookie: {fileID: 0}
  m_DrawHalo: 0
  m_Flare: {fileID: 0}
  m_RenderMode: 0
  m_CullingMask:
    serializedVersion: 2
    m_Bits: 16384
  m_RenderingLayerMask: 1
  m_Lightmapping: 4
  m_LightShadowCasterMode: 0
  m_AreaSize: {x: 1, y: 1}
  m_BounceIntensity: 1
  m_ColorTemperature: 6570
  m_UseColorTemperature: 0
  m_BoundingSphereOverride: {x: 0, y: 0, z: 0, w: 0}
  m_UseBoundingSphereOverride: 0
  m_UseViewFrustumForShadowCasterCull: 1
  m_ShadowRadius: 0
  m_ShadowAngle: 0
--- !u!1 &3648227866393112067
GameObject:
  m_ObjectHideFlags: 0
  m_CorrespondingSourceObject: {fileID: 0}
  m_PrefabInstance: {fileID: 0}
  m_PrefabAsset: {fileID: 0}
  serializedVersion: 6
  m_Component:
  - component: {fileID: 5587443152647187089}
  - component: {fileID: 2773457297161376909}
  - component: {fileID: 4375520547606523941}
  - component: {fileID: 2870641338938132957}
  - component: {fileID: 6877018011996996577}
  m_Layer: 14
  m_Name: Wood
  m_TagString: Untagged
  m_Icon: {fileID: 0}
  m_NavMeshLayer: 0
  m_StaticEditorFlags: 0
  m_IsActive: 0
--- !u!4 &5587443152647187089
Transform:
  m_ObjectHideFlags: 0
  m_CorrespondingSourceObject: {fileID: 0}
  m_PrefabInstance: {fileID: 0}
  m_PrefabAsset: {fileID: 0}
  m_GameObject: {fileID: 3648227866393112067}
  m_LocalRotation: {x: 0, y: -0.17811522, z: 0, w: 0.9840096}
  m_LocalPosition: {x: 0, y: 0, z: 0}
  m_LocalScale: {x: 0.7, y: 0.7, z: 0.7}
  m_Children:
  - {fileID: 8422070323698795637}
  - {fileID: 811914061257432021}
  m_Father: {fileID: 4545860225364616160}
  m_RootOrder: 2
  m_LocalEulerAnglesHint: {x: 0, y: -20.52, z: 0}
--- !u!33 &2773457297161376909
MeshFilter:
  m_ObjectHideFlags: 0
  m_CorrespondingSourceObject: {fileID: 0}
  m_PrefabInstance: {fileID: 0}
  m_PrefabAsset: {fileID: 0}
  m_GameObject: {fileID: 3648227866393112067}
  m_Mesh: {fileID: 10202, guid: 0000000000000000e000000000000000, type: 0}
--- !u!23 &4375520547606523941
MeshRenderer:
  m_ObjectHideFlags: 0
  m_CorrespondingSourceObject: {fileID: 0}
  m_PrefabInstance: {fileID: 0}
  m_PrefabAsset: {fileID: 0}
  m_GameObject: {fileID: 3648227866393112067}
  m_Enabled: 0
  m_CastShadows: 1
  m_ReceiveShadows: 1
  m_DynamicOccludee: 1
  m_MotionVectors: 1
  m_LightProbeUsage: 1
  m_ReflectionProbeUsage: 1
  m_RayTracingMode: 2
  m_RayTraceProcedural: 0
  m_RenderingLayerMask: 1
  m_RendererPriority: 0
  m_Materials:
  - {fileID: 2100000, guid: 143f07180f77c2048946ae0721928953, type: 2}
  m_StaticBatchInfo:
    firstSubMesh: 0
    subMeshCount: 0
  m_StaticBatchRoot: {fileID: 0}
  m_ProbeAnchor: {fileID: 0}
  m_LightProbeVolumeOverride: {fileID: 0}
  m_ScaleInLightmap: 1
  m_ReceiveGI: 1
  m_PreserveUVs: 0
  m_IgnoreNormalsForChartDetection: 0
  m_ImportantGI: 0
  m_StitchLightmapSeams: 1
  m_SelectedEditorRenderState: 3
  m_MinimumChartSize: 4
  m_AutoUVMaxDistance: 0.5
  m_AutoUVMaxAngle: 89
  m_LightmapParameters: {fileID: 0}
  m_SortingLayerID: 0
  m_SortingLayer: 0
  m_SortingOrder: 0
  m_AdditionalVertexStreams: {fileID: 0}
--- !u!65 &2870641338938132957
BoxCollider:
  m_ObjectHideFlags: 0
  m_CorrespondingSourceObject: {fileID: 0}
  m_PrefabInstance: {fileID: 0}
  m_PrefabAsset: {fileID: 0}
  m_GameObject: {fileID: 3648227866393112067}
  m_Material: {fileID: 0}
  m_IsTrigger: 1
  m_Enabled: 1
  serializedVersion: 2
  m_Size: {x: 1, y: 1, z: 1}
  m_Center: {x: 0, y: 0, z: 0}
--- !u!114 &6877018011996996577
MonoBehaviour:
  m_ObjectHideFlags: 0
  m_CorrespondingSourceObject: {fileID: 0}
  m_PrefabInstance: {fileID: 0}
  m_PrefabAsset: {fileID: 0}
  m_GameObject: {fileID: 3648227866393112067}
  m_Enabled: 1
  m_EditorHideFlags: 0
  m_Script: {fileID: 11500000, guid: b8f96fe4861e0374692f1a718b2f3849, type: 3}
  m_Name: 
  m_EditorClassIdentifier: 
  keyType: 1
--- !u!1 &3802788747397166099
GameObject:
  m_ObjectHideFlags: 0
  m_CorrespondingSourceObject: {fileID: 0}
  m_PrefabInstance: {fileID: 0}
  m_PrefabAsset: {fileID: 0}
  serializedVersion: 6
  m_Component:
  - component: {fileID: 7152150979719780526}
  - component: {fileID: 1993507887316268758}
  - component: {fileID: 7428993647932886969}
  - component: {fileID: 8514521480021424761}
  - component: {fileID: 3934022850453976093}
  m_Layer: 14
  m_Name: Glass
  m_TagString: Untagged
  m_Icon: {fileID: 0}
  m_NavMeshLayer: 0
  m_StaticEditorFlags: 0
  m_IsActive: 0
--- !u!4 &7152150979719780526
Transform:
  m_ObjectHideFlags: 0
  m_CorrespondingSourceObject: {fileID: 0}
  m_PrefabInstance: {fileID: 0}
  m_PrefabAsset: {fileID: 0}
  m_GameObject: {fileID: 3802788747397166099}
  m_LocalRotation: {x: -0.26108426, y: 0.23080747, z: 0.064442575, w: 0.935099}
  m_LocalPosition: {x: 0, y: 0, z: 0}
  m_LocalScale: {x: 0.7, y: 0.7, z: 0.7}
  m_Children:
  - {fileID: 2342418211097130865}
  - {fileID: 7835461387639416686}
  m_Father: {fileID: 4545860225364616160}
  m_RootOrder: 3
  m_LocalEulerAnglesHint: {x: -31.2, y: 27.73, z: 0}
--- !u!33 &1993507887316268758
MeshFilter:
  m_ObjectHideFlags: 0
  m_CorrespondingSourceObject: {fileID: 0}
  m_PrefabInstance: {fileID: 0}
  m_PrefabAsset: {fileID: 0}
  m_GameObject: {fileID: 3802788747397166099}
  m_Mesh: {fileID: 10202, guid: 0000000000000000e000000000000000, type: 0}
--- !u!23 &7428993647932886969
MeshRenderer:
  m_ObjectHideFlags: 0
  m_CorrespondingSourceObject: {fileID: 0}
  m_PrefabInstance: {fileID: 0}
  m_PrefabAsset: {fileID: 0}
  m_GameObject: {fileID: 3802788747397166099}
  m_Enabled: 0
  m_CastShadows: 1
  m_ReceiveShadows: 1
  m_DynamicOccludee: 1
  m_MotionVectors: 1
  m_LightProbeUsage: 1
  m_ReflectionProbeUsage: 1
  m_RayTracingMode: 2
  m_RayTraceProcedural: 0
  m_RenderingLayerMask: 1
  m_RendererPriority: 0
  m_Materials:
  - {fileID: 2100000, guid: 143f07180f77c2048946ae0721928953, type: 2}
  m_StaticBatchInfo:
    firstSubMesh: 0
    subMeshCount: 0
  m_StaticBatchRoot: {fileID: 0}
  m_ProbeAnchor: {fileID: 0}
  m_LightProbeVolumeOverride: {fileID: 0}
  m_ScaleInLightmap: 1
  m_ReceiveGI: 1
  m_PreserveUVs: 0
  m_IgnoreNormalsForChartDetection: 0
  m_ImportantGI: 0
  m_StitchLightmapSeams: 1
  m_SelectedEditorRenderState: 3
  m_MinimumChartSize: 4
  m_AutoUVMaxDistance: 0.5
  m_AutoUVMaxAngle: 89
  m_LightmapParameters: {fileID: 0}
  m_SortingLayerID: 0
  m_SortingLayer: 0
  m_SortingOrder: 0
  m_AdditionalVertexStreams: {fileID: 0}
--- !u!65 &8514521480021424761
BoxCollider:
  m_ObjectHideFlags: 0
  m_CorrespondingSourceObject: {fileID: 0}
  m_PrefabInstance: {fileID: 0}
  m_PrefabAsset: {fileID: 0}
  m_GameObject: {fileID: 3802788747397166099}
  m_Material: {fileID: 0}
  m_IsTrigger: 1
  m_Enabled: 1
  serializedVersion: 2
  m_Size: {x: 1, y: 1, z: 1}
  m_Center: {x: 0, y: 0, z: 0}
--- !u!114 &3934022850453976093
MonoBehaviour:
  m_ObjectHideFlags: 0
  m_CorrespondingSourceObject: {fileID: 0}
  m_PrefabInstance: {fileID: 0}
  m_PrefabAsset: {fileID: 0}
  m_GameObject: {fileID: 3802788747397166099}
  m_Enabled: 1
  m_EditorHideFlags: 0
  m_Script: {fileID: 11500000, guid: b8f96fe4861e0374692f1a718b2f3849, type: 3}
  m_Name: 
  m_EditorClassIdentifier: 
  keyType: 2
--- !u!1 &4698920288500926020
GameObject:
  m_ObjectHideFlags: 0
  m_CorrespondingSourceObject: {fileID: 0}
  m_PrefabInstance: {fileID: 0}
  m_PrefabAsset: {fileID: 0}
  serializedVersion: 6
  m_Component:
  - component: {fileID: 1431501983034599003}
  - component: {fileID: 8397026591195433089}
  m_Layer: 14
  m_Name: Light
  m_TagString: Untagged
  m_Icon: {fileID: 0}
  m_NavMeshLayer: 0
  m_StaticEditorFlags: 0
  m_IsActive: 1
--- !u!4 &1431501983034599003
Transform:
  m_ObjectHideFlags: 0
  m_CorrespondingSourceObject: {fileID: 0}
  m_PrefabInstance: {fileID: 0}
  m_PrefabAsset: {fileID: 0}
  m_GameObject: {fileID: 4698920288500926020}
  m_LocalRotation: {x: 0, y: 0, z: 0, w: 1}
  m_LocalPosition: {x: -0.212, y: 0.699, z: -1.316}
  m_LocalScale: {x: 1, y: 1, z: 1}
  m_Children: []
  m_Father: {fileID: 6717787427148432244}
  m_RootOrder: 1
  m_LocalEulerAnglesHint: {x: 0, y: 0, z: 0}
--- !u!108 &8397026591195433089
Light:
  m_ObjectHideFlags: 0
  m_CorrespondingSourceObject: {fileID: 0}
  m_PrefabInstance: {fileID: 0}
  m_PrefabAsset: {fileID: 0}
  m_GameObject: {fileID: 4698920288500926020}
  m_Enabled: 1
  serializedVersion: 10
  m_Type: 2
  m_Shape: 0
  m_Color: {r: 1, g: 1, b: 1, a: 1}
  m_Intensity: 0.97
  m_Range: 10
  m_SpotAngle: 30
  m_InnerSpotAngle: 21.80208
  m_CookieSize: 10
  m_Shadows:
    m_Type: 0
    m_Resolution: -1
    m_CustomResolution: -1
    m_Strength: 1
    m_Bias: 0.05
    m_NormalBias: 0.4
    m_NearPlane: 0.2
    m_CullingMatrixOverride:
      e00: 1
      e01: 0
      e02: 0
      e03: 0
      e10: 0
      e11: 1
      e12: 0
      e13: 0
      e20: 0
      e21: 0
      e22: 1
      e23: 0
      e30: 0
      e31: 0
      e32: 0
      e33: 1
    m_UseCullingMatrixOverride: 0
  m_Cookie: {fileID: 0}
  m_DrawHalo: 0
  m_Flare: {fileID: 0}
  m_RenderMode: 0
  m_CullingMask:
    serializedVersion: 2
    m_Bits: 16384
  m_RenderingLayerMask: 1
  m_Lightmapping: 4
  m_LightShadowCasterMode: 0
  m_AreaSize: {x: 1, y: 1}
  m_BounceIntensity: 1
  m_ColorTemperature: 6570
  m_UseColorTemperature: 0
  m_BoundingSphereOverride: {x: 0, y: 0, z: 0, w: 0}
  m_UseBoundingSphereOverride: 0
  m_UseViewFrustumForShadowCasterCull: 1
  m_ShadowRadius: 0
  m_ShadowAngle: 0
--- !u!1 &5820789866357632536
GameObject:
  m_ObjectHideFlags: 0
  m_CorrespondingSourceObject: {fileID: 0}
  m_PrefabInstance: {fileID: 0}
  m_PrefabAsset: {fileID: 0}
  serializedVersion: 6
  m_Component:
  - component: {fileID: 6717787427148432244}
  - component: {fileID: 8909065395274394308}
  - component: {fileID: 6393680900673375655}
  - component: {fileID: 741429761853969911}
  - component: {fileID: 2510615386797893036}
  m_Layer: 14
  m_Name: Water
  m_TagString: Untagged
  m_Icon: {fileID: 0}
  m_NavMeshLayer: 0
  m_StaticEditorFlags: 0
  m_IsActive: 0
--- !u!4 &6717787427148432244
Transform:
  m_ObjectHideFlags: 0
  m_CorrespondingSourceObject: {fileID: 0}
  m_PrefabInstance: {fileID: 0}
  m_PrefabAsset: {fileID: 0}
  m_GameObject: {fileID: 5820789866357632536}
  m_LocalRotation: {x: 0, y: 0, z: 0, w: 1}
  m_LocalPosition: {x: 0, y: 0, z: 0}
  m_LocalScale: {x: 0.7, y: 0.7, z: 0.7}
  m_Children:
  - {fileID: 2108714549171989111}
  - {fileID: 1431501983034599003}
  m_Father: {fileID: 4545860225364616160}
  m_RootOrder: 4
  m_LocalEulerAnglesHint: {x: 0, y: 0, z: 0}
--- !u!33 &8909065395274394308
MeshFilter:
  m_ObjectHideFlags: 0
  m_CorrespondingSourceObject: {fileID: 0}
  m_PrefabInstance: {fileID: 0}
  m_PrefabAsset: {fileID: 0}
  m_GameObject: {fileID: 5820789866357632536}
  m_Mesh: {fileID: 10202, guid: 0000000000000000e000000000000000, type: 0}
--- !u!23 &6393680900673375655
MeshRenderer:
  m_ObjectHideFlags: 0
  m_CorrespondingSourceObject: {fileID: 0}
  m_PrefabInstance: {fileID: 0}
  m_PrefabAsset: {fileID: 0}
  m_GameObject: {fileID: 5820789866357632536}
  m_Enabled: 0
  m_CastShadows: 1
  m_ReceiveShadows: 1
  m_DynamicOccludee: 1
  m_MotionVectors: 1
  m_LightProbeUsage: 1
  m_ReflectionProbeUsage: 1
  m_RayTracingMode: 2
  m_RayTraceProcedural: 0
  m_RenderingLayerMask: 1
  m_RendererPriority: 0
  m_Materials:
  - {fileID: 2100000, guid: 143f07180f77c2048946ae0721928953, type: 2}
  m_StaticBatchInfo:
    firstSubMesh: 0
    subMeshCount: 0
  m_StaticBatchRoot: {fileID: 0}
  m_ProbeAnchor: {fileID: 0}
  m_LightProbeVolumeOverride: {fileID: 0}
  m_ScaleInLightmap: 1
  m_ReceiveGI: 1
  m_PreserveUVs: 0
  m_IgnoreNormalsForChartDetection: 0
  m_ImportantGI: 0
  m_StitchLightmapSeams: 1
  m_SelectedEditorRenderState: 3
  m_MinimumChartSize: 4
  m_AutoUVMaxDistance: 0.5
  m_AutoUVMaxAngle: 89
  m_LightmapParameters: {fileID: 0}
  m_SortingLayerID: 0
  m_SortingLayer: 0
  m_SortingOrder: 0
  m_AdditionalVertexStreams: {fileID: 0}
--- !u!65 &741429761853969911
BoxCollider:
  m_ObjectHideFlags: 0
  m_CorrespondingSourceObject: {fileID: 0}
  m_PrefabInstance: {fileID: 0}
  m_PrefabAsset: {fileID: 0}
  m_GameObject: {fileID: 5820789866357632536}
  m_Material: {fileID: 0}
  m_IsTrigger: 1
  m_Enabled: 1
  serializedVersion: 2
  m_Size: {x: 1.89, y: 4.19, z: 1.54}
  m_Center: {x: 0, y: 0, z: 0}
--- !u!114 &2510615386797893036
MonoBehaviour:
  m_ObjectHideFlags: 0
  m_CorrespondingSourceObject: {fileID: 0}
  m_PrefabInstance: {fileID: 0}
  m_PrefabAsset: {fileID: 0}
  m_GameObject: {fileID: 5820789866357632536}
  m_Enabled: 1
  m_EditorHideFlags: 0
  m_Script: {fileID: 11500000, guid: b8f96fe4861e0374692f1a718b2f3849, type: 3}
  m_Name: 
  m_EditorClassIdentifier: 
  keyType: 3
--- !u!1 &5907493361089321026
GameObject:
  m_ObjectHideFlags: 0
  m_CorrespondingSourceObject: {fileID: 0}
  m_PrefabInstance: {fileID: 0}
  m_PrefabAsset: {fileID: 0}
  serializedVersion: 6
  m_Component:
  - component: {fileID: 7001558406201885120}
  - component: {fileID: 5163471233552167429}
  m_Layer: 14
  m_Name: Light
  m_TagString: Untagged
  m_Icon: {fileID: 0}
  m_NavMeshLayer: 0
  m_StaticEditorFlags: 0
  m_IsActive: 1
--- !u!4 &7001558406201885120
Transform:
  m_ObjectHideFlags: 0
  m_CorrespondingSourceObject: {fileID: 0}
  m_PrefabInstance: {fileID: 0}
  m_PrefabAsset: {fileID: 0}
  m_GameObject: {fileID: 5907493361089321026}
  m_LocalRotation: {x: 0, y: 0, z: 0, w: 1}
  m_LocalPosition: {x: -0.212, y: 1.679, z: -2.038}
  m_LocalScale: {x: 1, y: 1, z: 1}
  m_Children: []
  m_Father: {fileID: 62778587199587600}
  m_RootOrder: 1
  m_LocalEulerAnglesHint: {x: 0, y: 0, z: 0}
--- !u!108 &5163471233552167429
Light:
  m_ObjectHideFlags: 0
  m_CorrespondingSourceObject: {fileID: 0}
  m_PrefabInstance: {fileID: 0}
  m_PrefabAsset: {fileID: 0}
  m_GameObject: {fileID: 5907493361089321026}
  m_Enabled: 1
  serializedVersion: 10
  m_Type: 2
  m_Shape: 0
  m_Color: {r: 1, g: 1, b: 1, a: 1}
  m_Intensity: 1.04
  m_Range: 55.18
  m_SpotAngle: 30
  m_InnerSpotAngle: 21.80208
  m_CookieSize: 10
  m_Shadows:
    m_Type: 0
    m_Resolution: -1
    m_CustomResolution: -1
    m_Strength: 1
    m_Bias: 0.05
    m_NormalBias: 0.4
    m_NearPlane: 0.2
    m_CullingMatrixOverride:
      e00: 1
      e01: 0
      e02: 0
      e03: 0
      e10: 0
      e11: 1
      e12: 0
      e13: 0
      e20: 0
      e21: 0
      e22: 1
      e23: 0
      e30: 0
      e31: 0
      e32: 0
      e33: 1
    m_UseCullingMatrixOverride: 0
  m_Cookie: {fileID: 0}
  m_DrawHalo: 0
  m_Flare: {fileID: 0}
  m_RenderMode: 0
  m_CullingMask:
    serializedVersion: 2
    m_Bits: 16384
  m_RenderingLayerMask: 1
  m_Lightmapping: 4
  m_LightShadowCasterMode: 0
  m_AreaSize: {x: 1, y: 1}
  m_BounceIntensity: 1
  m_ColorTemperature: 6570
  m_UseColorTemperature: 0
  m_BoundingSphereOverride: {x: 0, y: 0, z: 0, w: 0}
  m_UseBoundingSphereOverride: 0
  m_UseViewFrustumForShadowCasterCull: 1
  m_ShadowRadius: 0
  m_ShadowAngle: 0
--- !u!1 &7167141565196612021
GameObject:
  m_ObjectHideFlags: 0
  m_CorrespondingSourceObject: {fileID: 0}
  m_PrefabInstance: {fileID: 0}
  m_PrefabAsset: {fileID: 0}
  serializedVersion: 6
  m_Component:
  - component: {fileID: 7664510677431772148}
  - component: {fileID: 345511041073737667}
  m_Layer: 14
  m_Name: Light
  m_TagString: Untagged
  m_Icon: {fileID: 0}
  m_NavMeshLayer: 0
  m_StaticEditorFlags: 0
  m_IsActive: 1
--- !u!4 &7664510677431772148
Transform:
  m_ObjectHideFlags: 0
  m_CorrespondingSourceObject: {fileID: 0}
  m_PrefabInstance: {fileID: 0}
  m_PrefabAsset: {fileID: 0}
  m_GameObject: {fileID: 7167141565196612021}
  m_LocalRotation: {x: 0, y: 0, z: 0, w: 1}
  m_LocalPosition: {x: 0, y: -0.053, z: -1.001}
  m_LocalScale: {x: 1, y: 1, z: 1}
  m_Children: []
  m_Father: {fileID: 4230441868602878640}
  m_RootOrder: 1
  m_LocalEulerAnglesHint: {x: 0, y: 0, z: 0}
--- !u!108 &345511041073737667
Light:
  m_ObjectHideFlags: 0
  m_CorrespondingSourceObject: {fileID: 0}
  m_PrefabInstance: {fileID: 0}
  m_PrefabAsset: {fileID: 0}
  m_GameObject: {fileID: 7167141565196612021}
  m_Enabled: 1
  serializedVersion: 10
  m_Type: 2
  m_Shape: 0
  m_Color: {r: 1, g: 1, b: 1, a: 1}
  m_Intensity: 0.77
  m_Range: 10
  m_SpotAngle: 30
  m_InnerSpotAngle: 21.80208
  m_CookieSize: 10
  m_Shadows:
    m_Type: 0
    m_Resolution: -1
    m_CustomResolution: -1
    m_Strength: 1
    m_Bias: 0.05
    m_NormalBias: 0.4
    m_NearPlane: 0.2
    m_CullingMatrixOverride:
      e00: 1
      e01: 0
      e02: 0
      e03: 0
      e10: 0
      e11: 1
      e12: 0
      e13: 0
      e20: 0
      e21: 0
      e22: 1
      e23: 0
      e30: 0
      e31: 0
      e32: 0
      e33: 1
    m_UseCullingMatrixOverride: 0
  m_Cookie: {fileID: 0}
  m_DrawHalo: 0
  m_Flare: {fileID: 0}
  m_RenderMode: 0
  m_CullingMask:
    serializedVersion: 2
    m_Bits: 16384
  m_RenderingLayerMask: 1
  m_Lightmapping: 4
  m_LightShadowCasterMode: 0
  m_AreaSize: {x: 1, y: 1}
  m_BounceIntensity: 1
  m_ColorTemperature: 6570
  m_UseColorTemperature: 0
  m_BoundingSphereOverride: {x: 0, y: 0, z: 0, w: 0}
  m_UseBoundingSphereOverride: 0
  m_UseViewFrustumForShadowCasterCull: 1
  m_ShadowRadius: 0
  m_ShadowAngle: 0
--- !u!1 &7479812701349063158
GameObject:
  m_ObjectHideFlags: 0
  m_CorrespondingSourceObject: {fileID: 0}
  m_PrefabInstance: {fileID: 0}
  m_PrefabAsset: {fileID: 0}
  serializedVersion: 6
  m_Component:
  - component: {fileID: 1869534994242726044}
  - component: {fileID: 47497033069471158}
  m_Layer: 14
  m_Name: Light
  m_TagString: Untagged
  m_Icon: {fileID: 0}
  m_NavMeshLayer: 0
  m_StaticEditorFlags: 0
  m_IsActive: 1
--- !u!4 &1869534994242726044
Transform:
  m_ObjectHideFlags: 0
  m_CorrespondingSourceObject: {fileID: 0}
  m_PrefabInstance: {fileID: 0}
  m_PrefabAsset: {fileID: 0}
  m_GameObject: {fileID: 7479812701349063158}
  m_LocalRotation: {x: 0, y: 0, z: 0, w: 1}
  m_LocalPosition: {x: 0.483, y: 1.206, z: -1.343}
  m_LocalScale: {x: 1, y: 1, z: 1}
  m_Children: []
  m_Father: {fileID: 6976511408447845850}
  m_RootOrder: 1
  m_LocalEulerAnglesHint: {x: 0, y: 0, z: 0}
--- !u!108 &47497033069471158
Light:
  m_ObjectHideFlags: 0
  m_CorrespondingSourceObject: {fileID: 0}
  m_PrefabInstance: {fileID: 0}
  m_PrefabAsset: {fileID: 0}
  m_GameObject: {fileID: 7479812701349063158}
  m_Enabled: 1
  serializedVersion: 10
  m_Type: 2
  m_Shape: 0
  m_Color: {r: 1, g: 1, b: 1, a: 1}
  m_Intensity: 0.51
  m_Range: 10
  m_SpotAngle: 30
  m_InnerSpotAngle: 21.80208
  m_CookieSize: 10
  m_Shadows:
    m_Type: 0
    m_Resolution: -1
    m_CustomResolution: -1
    m_Strength: 1
    m_Bias: 0.05
    m_NormalBias: 0.4
    m_NearPlane: 0.2
    m_CullingMatrixOverride:
      e00: 1
      e01: 0
      e02: 0
      e03: 0
      e10: 0
      e11: 1
      e12: 0
      e13: 0
      e20: 0
      e21: 0
      e22: 1
      e23: 0
      e30: 0
      e31: 0
      e32: 0
      e33: 1
    m_UseCullingMatrixOverride: 0
  m_Cookie: {fileID: 0}
  m_DrawHalo: 0
  m_Flare: {fileID: 0}
  m_RenderMode: 0
  m_CullingMask:
    serializedVersion: 2
    m_Bits: 16384
  m_RenderingLayerMask: 1
  m_Lightmapping: 4
  m_LightShadowCasterMode: 0
  m_AreaSize: {x: 1, y: 1}
  m_BounceIntensity: 1
  m_ColorTemperature: 6570
  m_UseColorTemperature: 0
  m_BoundingSphereOverride: {x: 0, y: 0, z: 0, w: 0}
  m_UseBoundingSphereOverride: 0
  m_UseViewFrustumForShadowCasterCull: 1
  m_ShadowRadius: 0
  m_ShadowAngle: 0
--- !u!1 &7598582286888878812
GameObject:
  m_ObjectHideFlags: 0
  m_CorrespondingSourceObject: {fileID: 0}
  m_PrefabInstance: {fileID: 0}
  m_PrefabAsset: {fileID: 0}
  serializedVersion: 6
  m_Component:
  - component: {fileID: 7835461387639416686}
  - component: {fileID: 4629021731652746436}
  m_Layer: 14
  m_Name: Light
  m_TagString: Untagged
  m_Icon: {fileID: 0}
  m_NavMeshLayer: 0
  m_StaticEditorFlags: 0
  m_IsActive: 1
--- !u!4 &7835461387639416686
Transform:
  m_ObjectHideFlags: 0
  m_CorrespondingSourceObject: {fileID: 0}
  m_PrefabInstance: {fileID: 0}
  m_PrefabAsset: {fileID: 0}
  m_GameObject: {fileID: 7598582286888878812}
  m_LocalRotation: {x: 0, y: 0, z: 0, w: 1}
  m_LocalPosition: {x: 0.575, y: 0.538, z: -0.782}
  m_LocalScale: {x: 1, y: 1, z: 1}
  m_Children: []
  m_Father: {fileID: 7152150979719780526}
  m_RootOrder: 1
  m_LocalEulerAnglesHint: {x: 0, y: 0, z: 0}
--- !u!108 &4629021731652746436
Light:
  m_ObjectHideFlags: 0
  m_CorrespondingSourceObject: {fileID: 0}
  m_PrefabInstance: {fileID: 0}
  m_PrefabAsset: {fileID: 0}
  m_GameObject: {fileID: 7598582286888878812}
  m_Enabled: 1
  serializedVersion: 10
  m_Type: 2
  m_Shape: 0
  m_Color: {r: 1, g: 1, b: 1, a: 1}
  m_Intensity: 1.03
  m_Range: 10
  m_SpotAngle: 30
  m_InnerSpotAngle: 21.80208
  m_CookieSize: 10
  m_Shadows:
    m_Type: 0
    m_Resolution: -1
    m_CustomResolution: -1
    m_Strength: 1
    m_Bias: 0.05
    m_NormalBias: 0.4
    m_NearPlane: 0.2
    m_CullingMatrixOverride:
      e00: 1
      e01: 0
      e02: 0
      e03: 0
      e10: 0
      e11: 1
      e12: 0
      e13: 0
      e20: 0
      e21: 0
      e22: 1
      e23: 0
      e30: 0
      e31: 0
      e32: 0
      e33: 1
    m_UseCullingMatrixOverride: 0
  m_Cookie: {fileID: 0}
  m_DrawHalo: 0
  m_Flare: {fileID: 0}
  m_RenderMode: 0
  m_CullingMask:
    serializedVersion: 2
    m_Bits: 16384
  m_RenderingLayerMask: 1
  m_Lightmapping: 4
  m_LightShadowCasterMode: 0
  m_AreaSize: {x: 1, y: 1}
  m_BounceIntensity: 1
  m_ColorTemperature: 6570
  m_UseColorTemperature: 0
  m_BoundingSphereOverride: {x: 0, y: 0, z: 0, w: 0}
  m_UseBoundingSphereOverride: 0
  m_UseViewFrustumForShadowCasterCull: 1
  m_ShadowRadius: 0
  m_ShadowAngle: 0
--- !u!1 &9156328400530298679
GameObject:
  m_ObjectHideFlags: 0
  m_CorrespondingSourceObject: {fileID: 0}
  m_PrefabInstance: {fileID: 0}
  m_PrefabAsset: {fileID: 0}
  serializedVersion: 6
  m_Component:
  - component: {fileID: 4230441868602878640}
  - component: {fileID: 4927699626055178087}
  - component: {fileID: 4366486675151821686}
  - component: {fileID: 5039653832816666243}
  - component: {fileID: 6096097202588134613}
  - component: {fileID: 2833763264541196839}
  m_Layer: 14
  m_Name: News
  m_TagString: Untagged
  m_Icon: {fileID: 0}
  m_NavMeshLayer: 0
  m_StaticEditorFlags: 0
  m_IsActive: 0
--- !u!4 &4230441868602878640
Transform:
  m_ObjectHideFlags: 0
  m_CorrespondingSourceObject: {fileID: 0}
  m_PrefabInstance: {fileID: 0}
  m_PrefabAsset: {fileID: 0}
  m_GameObject: {fileID: 9156328400530298679}
  m_LocalRotation: {x: 0, y: 0, z: 0, w: 1}
  m_LocalPosition: {x: 0, y: 0, z: 0}
  m_LocalScale: {x: 0.7, y: 0.7, z: 0.7}
  m_Children:
  - {fileID: 1880693637491502974}
  - {fileID: 7664510677431772148}
  m_Father: {fileID: 4545860225364616160}
  m_RootOrder: 1
  m_LocalEulerAnglesHint: {x: 0, y: 0, z: 0}
--- !u!33 &4927699626055178087
MeshFilter:
  m_ObjectHideFlags: 0
  m_CorrespondingSourceObject: {fileID: 0}
  m_PrefabInstance: {fileID: 0}
  m_PrefabAsset: {fileID: 0}
  m_GameObject: {fileID: 9156328400530298679}
  m_Mesh: {fileID: 10202, guid: 0000000000000000e000000000000000, type: 0}
--- !u!23 &4366486675151821686
MeshRenderer:
  m_ObjectHideFlags: 0
  m_CorrespondingSourceObject: {fileID: 0}
  m_PrefabInstance: {fileID: 0}
  m_PrefabAsset: {fileID: 0}
  m_GameObject: {fileID: 9156328400530298679}
  m_Enabled: 0
  m_CastShadows: 1
  m_ReceiveShadows: 1
  m_DynamicOccludee: 1
  m_MotionVectors: 1
  m_LightProbeUsage: 1
  m_ReflectionProbeUsage: 1
  m_RayTracingMode: 2
  m_RayTraceProcedural: 0
  m_RenderingLayerMask: 1
  m_RendererPriority: 0
  m_Materials:
  - {fileID: 2100000, guid: 143f07180f77c2048946ae0721928953, type: 2}
  m_StaticBatchInfo:
    firstSubMesh: 0
    subMeshCount: 0
  m_StaticBatchRoot: {fileID: 0}
  m_ProbeAnchor: {fileID: 0}
  m_LightProbeVolumeOverride: {fileID: 0}
  m_ScaleInLightmap: 1
  m_ReceiveGI: 1
  m_PreserveUVs: 0
  m_IgnoreNormalsForChartDetection: 0
  m_ImportantGI: 0
  m_StitchLightmapSeams: 1
  m_SelectedEditorRenderState: 3
  m_MinimumChartSize: 4
  m_AutoUVMaxDistance: 0.5
  m_AutoUVMaxAngle: 89
  m_LightmapParameters: {fileID: 0}
  m_SortingLayerID: 0
  m_SortingLayer: 0
  m_SortingOrder: 0
  m_AdditionalVertexStreams: {fileID: 0}
--- !u!65 &5039653832816666243
BoxCollider:
  m_ObjectHideFlags: 0
  m_CorrespondingSourceObject: {fileID: 0}
  m_PrefabInstance: {fileID: 0}
  m_PrefabAsset: {fileID: 0}
  m_GameObject: {fileID: 9156328400530298679}
  m_Material: {fileID: 0}
  m_IsTrigger: 1
  m_Enabled: 1
  serializedVersion: 2
  m_Size: {x: 1, y: 1, z: 1}
  m_Center: {x: 0, y: 0, z: 0}
--- !u!114 &6096097202588134613
MonoBehaviour:
  m_ObjectHideFlags: 0
  m_CorrespondingSourceObject: {fileID: 0}
  m_PrefabInstance: {fileID: 0}
  m_PrefabAsset: {fileID: 0}
  m_GameObject: {fileID: 9156328400530298679}
  m_Enabled: 1
  m_EditorHideFlags: 0
  m_Script: {fileID: 11500000, guid: b8f96fe4861e0374692f1a718b2f3849, type: 3}
  m_Name: 
  m_EditorClassIdentifier: 
  keyType: 0
--- !u!114 &2833763264541196839
MonoBehaviour:
  m_ObjectHideFlags: 0
  m_CorrespondingSourceObject: {fileID: 0}
  m_PrefabInstance: {fileID: 0}
  m_PrefabAsset: {fileID: 0}
  m_GameObject: {fileID: 9156328400530298679}
  m_Enabled: 1
  m_EditorHideFlags: 0
  m_Script: {fileID: 11500000, guid: 9e13ebf0e633427b960d25422eb6038e, type: 3}
  m_Name: 
  m_EditorClassIdentifier: 
--- !u!1 &9180973501079966960
GameObject:
  m_ObjectHideFlags: 0
  m_CorrespondingSourceObject: {fileID: 0}
  m_PrefabInstance: {fileID: 0}
  m_PrefabAsset: {fileID: 0}
  serializedVersion: 6
  m_Component:
  - component: {fileID: 62778587199587600}
  - component: {fileID: 7539754988158503942}
  - component: {fileID: 1930656388132140877}
  - component: {fileID: 8760446727693890090}
  - component: {fileID: 1146772276071528416}
  m_Layer: 14
  m_Name: Cleaner
  m_TagString: Untagged
  m_Icon: {fileID: 0}
  m_NavMeshLayer: 0
  m_StaticEditorFlags: 0
  m_IsActive: 0
--- !u!4 &62778587199587600
Transform:
  m_ObjectHideFlags: 0
  m_CorrespondingSourceObject: {fileID: 0}
  m_PrefabInstance: {fileID: 0}
  m_PrefabAsset: {fileID: 0}
  m_GameObject: {fileID: 9180973501079966960}
  m_LocalRotation: {x: 0, y: 0, z: 0, w: 1}
  m_LocalPosition: {x: -0.103, y: -0.27, z: 0.01}
  m_LocalScale: {x: 0.7, y: 0.7, z: 0.7}
  m_Children:
  - {fileID: 6172078327818663906}
  - {fileID: 7001558406201885120}
  m_Father: {fileID: 4545860225364616160}
  m_RootOrder: 8
  m_LocalEulerAnglesHint: {x: 0, y: 0, z: 0}
--- !u!33 &7539754988158503942
MeshFilter:
  m_ObjectHideFlags: 0
  m_CorrespondingSourceObject: {fileID: 0}
  m_PrefabInstance: {fileID: 0}
  m_PrefabAsset: {fileID: 0}
  m_GameObject: {fileID: 9180973501079966960}
  m_Mesh: {fileID: 10202, guid: 0000000000000000e000000000000000, type: 0}
--- !u!23 &1930656388132140877
MeshRenderer:
  m_ObjectHideFlags: 0
  m_CorrespondingSourceObject: {fileID: 0}
  m_PrefabInstance: {fileID: 0}
  m_PrefabAsset: {fileID: 0}
  m_GameObject: {fileID: 9180973501079966960}
  m_Enabled: 0
  m_CastShadows: 1
  m_ReceiveShadows: 1
  m_DynamicOccludee: 1
  m_MotionVectors: 1
  m_LightProbeUsage: 1
  m_ReflectionProbeUsage: 1
  m_RayTracingMode: 2
  m_RayTraceProcedural: 0
  m_RenderingLayerMask: 1
  m_RendererPriority: 0
  m_Materials:
  - {fileID: 2100000, guid: 143f07180f77c2048946ae0721928953, type: 2}
  m_StaticBatchInfo:
    firstSubMesh: 0
    subMeshCount: 0
  m_StaticBatchRoot: {fileID: 0}
  m_ProbeAnchor: {fileID: 0}
  m_LightProbeVolumeOverride: {fileID: 0}
  m_ScaleInLightmap: 1
  m_ReceiveGI: 1
  m_PreserveUVs: 0
  m_IgnoreNormalsForChartDetection: 0
  m_ImportantGI: 0
  m_StitchLightmapSeams: 1
  m_SelectedEditorRenderState: 3
  m_MinimumChartSize: 4
  m_AutoUVMaxDistance: 0.5
  m_AutoUVMaxAngle: 89
  m_LightmapParameters: {fileID: 0}
  m_SortingLayerID: 0
  m_SortingLayer: 0
  m_SortingOrder: 0
  m_AdditionalVertexStreams: {fileID: 0}
--- !u!65 &8760446727693890090
BoxCollider:
  m_ObjectHideFlags: 0
  m_CorrespondingSourceObject: {fileID: 0}
  m_PrefabInstance: {fileID: 0}
  m_PrefabAsset: {fileID: 0}
  m_GameObject: {fileID: 9180973501079966960}
  m_Material: {fileID: 0}
  m_IsTrigger: 1
  m_Enabled: 1
  serializedVersion: 2
  m_Size: {x: 1, y: 1, z: 1}
  m_Center: {x: 0, y: 0, z: 0}
--- !u!114 &1146772276071528416
MonoBehaviour:
  m_ObjectHideFlags: 0
  m_CorrespondingSourceObject: {fileID: 0}
  m_PrefabInstance: {fileID: 0}
  m_PrefabAsset: {fileID: 0}
  m_GameObject: {fileID: 9180973501079966960}
  m_Enabled: 1
  m_EditorHideFlags: 0
  m_Script: {fileID: 11500000, guid: b8f96fe4861e0374692f1a718b2f3849, type: 3}
  m_Name: 
  m_EditorClassIdentifier: 
  keyType: 7
--- !u!1 &9200460105371750824
GameObject:
  m_ObjectHideFlags: 0
  m_CorrespondingSourceObject: {fileID: 0}
  m_PrefabInstance: {fileID: 0}
  m_PrefabAsset: {fileID: 0}
  serializedVersion: 6
  m_Component:
  - component: {fileID: 806967778362101644}
  - component: {fileID: 3827411674634698489}
  m_Layer: 14
  m_Name: Light
  m_TagString: Untagged
  m_Icon: {fileID: 0}
  m_NavMeshLayer: 0
  m_StaticEditorFlags: 0
  m_IsActive: 1
--- !u!4 &806967778362101644
Transform:
  m_ObjectHideFlags: 0
  m_CorrespondingSourceObject: {fileID: 0}
  m_PrefabInstance: {fileID: 0}
  m_PrefabAsset: {fileID: 0}
  m_GameObject: {fileID: 9200460105371750824}
  m_LocalRotation: {x: 0, y: 0, z: 0, w: 1}
  m_LocalPosition: {x: -0.212, y: 0.699, z: -1.316}
  m_LocalScale: {x: 1, y: 1, z: 1}
  m_Children: []
  m_Father: {fileID: 4412544321310460192}
  m_RootOrder: 1
  m_LocalEulerAnglesHint: {x: 0, y: 0, z: 0}
--- !u!108 &3827411674634698489
Light:
  m_ObjectHideFlags: 0
  m_CorrespondingSourceObject: {fileID: 0}
  m_PrefabInstance: {fileID: 0}
  m_PrefabAsset: {fileID: 0}
  m_GameObject: {fileID: 9200460105371750824}
  m_Enabled: 1
  serializedVersion: 10
  m_Type: 2
  m_Shape: 0
  m_Color: {r: 1, g: 1, b: 1, a: 1}
  m_Intensity: 0.86
  m_Range: 10
  m_SpotAngle: 30
  m_InnerSpotAngle: 21.80208
  m_CookieSize: 10
  m_Shadows:
    m_Type: 0
    m_Resolution: -1
    m_CustomResolution: -1
    m_Strength: 1
    m_Bias: 0.05
    m_NormalBias: 0.4
    m_NearPlane: 0.2
    m_CullingMatrixOverride:
      e00: 1
      e01: 0
      e02: 0
      e03: 0
      e10: 0
      e11: 1
      e12: 0
      e13: 0
      e20: 0
      e21: 0
      e22: 1
      e23: 0
      e30: 0
      e31: 0
      e32: 0
      e33: 1
    m_UseCullingMatrixOverride: 0
  m_Cookie: {fileID: 0}
  m_DrawHalo: 0
  m_Flare: {fileID: 0}
  m_RenderMode: 0
  m_CullingMask:
    serializedVersion: 2
    m_Bits: 16384
  m_RenderingLayerMask: 1
  m_Lightmapping: 4
  m_LightShadowCasterMode: 0
  m_AreaSize: {x: 1, y: 1}
  m_BounceIntensity: 1
  m_ColorTemperature: 6570
  m_UseColorTemperature: 0
  m_BoundingSphereOverride: {x: 0, y: 0, z: 0, w: 0}
  m_UseBoundingSphereOverride: 0
  m_UseViewFrustumForShadowCasterCull: 1
  m_ShadowRadius: 0
  m_ShadowAngle: 0
--- !u!1001 &308667364531971392
PrefabInstance:
  m_ObjectHideFlags: 0
  serializedVersion: 2
  m_Modification:
    m_TransformParent: {fileID: 4545860225364616160}
    m_Modifications:
    - target: {fileID: 1545806602296978, guid: 9e4577abe56a95f4a91d29a0473cd30c, type: 3}
      propertyPath: m_Name
      value: CFX_Magical_Source
      objectReference: {fileID: 0}
    - target: {fileID: 1545806602296978, guid: 9e4577abe56a95f4a91d29a0473cd30c, type: 3}
      propertyPath: m_IsActive
      value: 1
      objectReference: {fileID: 0}
    - target: {fileID: 4464497929771776, guid: 9e4577abe56a95f4a91d29a0473cd30c, type: 3}
      propertyPath: m_RootOrder
      value: 0
      objectReference: {fileID: 0}
    - target: {fileID: 4464497929771776, guid: 9e4577abe56a95f4a91d29a0473cd30c, type: 3}
      propertyPath: m_LocalScale.x
      value: 0.8
      objectReference: {fileID: 0}
    - target: {fileID: 4464497929771776, guid: 9e4577abe56a95f4a91d29a0473cd30c, type: 3}
      propertyPath: m_LocalScale.y
      value: 0.8
      objectReference: {fileID: 0}
    - target: {fileID: 4464497929771776, guid: 9e4577abe56a95f4a91d29a0473cd30c, type: 3}
      propertyPath: m_LocalScale.z
      value: 0.8
      objectReference: {fileID: 0}
    - target: {fileID: 4464497929771776, guid: 9e4577abe56a95f4a91d29a0473cd30c, type: 3}
      propertyPath: m_LocalPosition.x
      value: 0
      objectReference: {fileID: 0}
    - target: {fileID: 4464497929771776, guid: 9e4577abe56a95f4a91d29a0473cd30c, type: 3}
      propertyPath: m_LocalPosition.y
      value: 0.035
      objectReference: {fileID: 0}
    - target: {fileID: 4464497929771776, guid: 9e4577abe56a95f4a91d29a0473cd30c, type: 3}
      propertyPath: m_LocalPosition.z
      value: 0.663
      objectReference: {fileID: 0}
    - target: {fileID: 4464497929771776, guid: 9e4577abe56a95f4a91d29a0473cd30c, type: 3}
      propertyPath: m_LocalRotation.w
      value: 1
      objectReference: {fileID: 0}
    - target: {fileID: 4464497929771776, guid: 9e4577abe56a95f4a91d29a0473cd30c, type: 3}
      propertyPath: m_LocalRotation.x
      value: 0
      objectReference: {fileID: 0}
    - target: {fileID: 4464497929771776, guid: 9e4577abe56a95f4a91d29a0473cd30c, type: 3}
      propertyPath: m_LocalRotation.y
      value: 0
      objectReference: {fileID: 0}
    - target: {fileID: 4464497929771776, guid: 9e4577abe56a95f4a91d29a0473cd30c, type: 3}
      propertyPath: m_LocalRotation.z
      value: 0
      objectReference: {fileID: 0}
    - target: {fileID: 4464497929771776, guid: 9e4577abe56a95f4a91d29a0473cd30c, type: 3}
      propertyPath: m_LocalEulerAnglesHint.x
      value: 0
      objectReference: {fileID: 0}
    - target: {fileID: 4464497929771776, guid: 9e4577abe56a95f4a91d29a0473cd30c, type: 3}
      propertyPath: m_LocalEulerAnglesHint.y
      value: 0
      objectReference: {fileID: 0}
    - target: {fileID: 4464497929771776, guid: 9e4577abe56a95f4a91d29a0473cd30c, type: 3}
      propertyPath: m_LocalEulerAnglesHint.z
      value: 0
      objectReference: {fileID: 0}
    - target: {fileID: 198159274938206214, guid: 9e4577abe56a95f4a91d29a0473cd30c, type: 3}
      propertyPath: simulationSpeed
      value: 0.3
      objectReference: {fileID: 0}
    - target: {fileID: 198159274938206214, guid: 9e4577abe56a95f4a91d29a0473cd30c, type: 3}
      propertyPath: ShapeModule.type
      value: 10
      objectReference: {fileID: 0}
    - target: {fileID: 198159274938206214, guid: 9e4577abe56a95f4a91d29a0473cd30c, type: 3}
      propertyPath: SizeModule.y.minMaxState
      value: 1
      objectReference: {fileID: 0}
    - target: {fileID: 198159274938206214, guid: 9e4577abe56a95f4a91d29a0473cd30c, type: 3}
      propertyPath: SizeModule.z.minMaxState
      value: 1
      objectReference: {fileID: 0}
    - target: {fileID: 198159274938206214, guid: 9e4577abe56a95f4a91d29a0473cd30c, type: 3}
      propertyPath: ShapeModule.radiusThickness
      value: 1
      objectReference: {fileID: 0}
    - target: {fileID: 198159274938206214, guid: 9e4577abe56a95f4a91d29a0473cd30c, type: 3}
      propertyPath: InitialModule.startSpeed.scalar
      value: 1
      objectReference: {fileID: 0}
    - target: {fileID: 198159274938206214, guid: 9e4577abe56a95f4a91d29a0473cd30c, type: 3}
      propertyPath: EmissionModule.rateOverTime.scalar
      value: 500
      objectReference: {fileID: 0}
    - target: {fileID: 198568851183111830, guid: 9e4577abe56a95f4a91d29a0473cd30c, type: 3}
      propertyPath: InitialModule.startLifetime.scalar
      value: 0.7
      objectReference: {fileID: 0}
    - target: {fileID: 198568851183111830, guid: 9e4577abe56a95f4a91d29a0473cd30c, type: 3}
      propertyPath: InitialModule.startColor.maxColor.a
      value: 0.078431375
      objectReference: {fileID: 0}
    - target: {fileID: 198568851183111830, guid: 9e4577abe56a95f4a91d29a0473cd30c, type: 3}
      propertyPath: InitialModule.startSize.maxCurve.m_Curve.Array.size
      value: 3
      objectReference: {fileID: 0}
    - target: {fileID: 198568851183111830, guid: 9e4577abe56a95f4a91d29a0473cd30c, type: 3}
      propertyPath: InitialModule.startSize.maxCurve.m_Curve.Array.data[1].time
      value: 0.4047814
      objectReference: {fileID: 0}
    - target: {fileID: 198568851183111830, guid: 9e4577abe56a95f4a91d29a0473cd30c, type: 3}
      propertyPath: InitialModule.startSize.maxCurve.m_Curve.Array.data[2].time
      value: 0.93585205
      objectReference: {fileID: 0}
    - target: {fileID: 198568851183111830, guid: 9e4577abe56a95f4a91d29a0473cd30c, type: 3}
      propertyPath: InitialModule.startSize.maxCurve.m_Curve.Array.data[1].value
      value: 0.8596772
      objectReference: {fileID: 0}
    - target: {fileID: 198568851183111830, guid: 9e4577abe56a95f4a91d29a0473cd30c, type: 3}
      propertyPath: InitialModule.startSize.maxCurve.m_Curve.Array.data[2].value
      value: 0.055820763
      objectReference: {fileID: 0}
    - target: {fileID: 198568851183111830, guid: 9e4577abe56a95f4a91d29a0473cd30c, type: 3}
      propertyPath: InitialModule.startSize.maxCurve.m_Curve.Array.data[1].inSlope
      value: -1.0373323
      objectReference: {fileID: 0}
    - target: {fileID: 198568851183111830, guid: 9e4577abe56a95f4a91d29a0473cd30c, type: 3}
      propertyPath: InitialModule.startSize.maxCurve.m_Curve.Array.data[2].inSlope
      value: -1.149039
      objectReference: {fileID: 0}
    - target: {fileID: 198568851183111830, guid: 9e4577abe56a95f4a91d29a0473cd30c, type: 3}
      propertyPath: InitialModule.startSize.maxCurve.m_Curve.Array.data[1].outSlope
      value: -1.0373323
      objectReference: {fileID: 0}
    - target: {fileID: 198568851183111830, guid: 9e4577abe56a95f4a91d29a0473cd30c, type: 3}
      propertyPath: InitialModule.startSize.maxCurve.m_Curve.Array.data[2].inWeight
      value: 0.33333334
      objectReference: {fileID: 0}
    - target: {fileID: 198568851183111830, guid: 9e4577abe56a95f4a91d29a0473cd30c, type: 3}
      propertyPath: InitialModule.startSize.maxCurve.m_Curve.Array.data[2].outSlope
      value: -1.149039
      objectReference: {fileID: 0}
    - target: {fileID: 198568851183111830, guid: 9e4577abe56a95f4a91d29a0473cd30c, type: 3}
      propertyPath: InitialModule.startSize.maxCurve.m_Curve.Array.data[2].outWeight
      value: 0.33333334
      objectReference: {fileID: 0}
    - target: {fileID: 198980426768027484, guid: 9e4577abe56a95f4a91d29a0473cd30c, type: 3}
      propertyPath: EmissionModule.rateOverTime.scalar
      value: 100
      objectReference: {fileID: 0}
    - target: {fileID: 199139393137530034, guid: 9e4577abe56a95f4a91d29a0473cd30c, type: 3}
      propertyPath: m_Materials.Array.size
      value: 1
      objectReference: {fileID: 0}
    - target: {fileID: 199346459468634810, guid: 9e4577abe56a95f4a91d29a0473cd30c, type: 3}
      propertyPath: m_Materials.Array.size
      value: 1
      objectReference: {fileID: 0}
    - target: {fileID: 199368054502676096, guid: 9e4577abe56a95f4a91d29a0473cd30c, type: 3}
      propertyPath: m_Materials.Array.size
      value: 1
      objectReference: {fileID: 0}
    m_RemovedComponents: []
  m_SourcePrefab: {fileID: 100100000, guid: 9e4577abe56a95f4a91d29a0473cd30c, type: 3}
--- !u!4 &308293417247145536 stripped
Transform:
  m_CorrespondingSourceObject: {fileID: 4464497929771776, guid: 9e4577abe56a95f4a91d29a0473cd30c, type: 3}
  m_PrefabInstance: {fileID: 308667364531971392}
  m_PrefabAsset: {fileID: 0}
--- !u!1001 &502644019497575676
PrefabInstance:
  m_ObjectHideFlags: 0
  serializedVersion: 2
  m_Modification:
    m_TransformParent: {fileID: 174948107472431973}
    m_Modifications:
    - target: {fileID: -8679921383154817045, guid: b7092407d7f06fe44bb940019f328771, type: 3}
      propertyPath: m_RootOrder
      value: 0
      objectReference: {fileID: 0}
    - target: {fileID: -8679921383154817045, guid: b7092407d7f06fe44bb940019f328771, type: 3}
      propertyPath: m_LocalPosition.x
      value: 0
      objectReference: {fileID: 0}
    - target: {fileID: -8679921383154817045, guid: b7092407d7f06fe44bb940019f328771, type: 3}
      propertyPath: m_LocalPosition.y
      value: 0.35
      objectReference: {fileID: 0}
    - target: {fileID: -8679921383154817045, guid: b7092407d7f06fe44bb940019f328771, type: 3}
      propertyPath: m_LocalPosition.z
      value: -0.02
      objectReference: {fileID: 0}
    - target: {fileID: -8679921383154817045, guid: b7092407d7f06fe44bb940019f328771, type: 3}
      propertyPath: m_LocalRotation.w
      value: -0.27263966
      objectReference: {fileID: 0}
    - target: {fileID: -8679921383154817045, guid: b7092407d7f06fe44bb940019f328771, type: 3}
      propertyPath: m_LocalRotation.x
      value: 0.2725445
      objectReference: {fileID: 0}
    - target: {fileID: -8679921383154817045, guid: b7092407d7f06fe44bb940019f328771, type: 3}
      propertyPath: m_LocalRotation.y
      value: 0.65233815
      objectReference: {fileID: 0}
    - target: {fileID: -8679921383154817045, guid: b7092407d7f06fe44bb940019f328771, type: 3}
      propertyPath: m_LocalRotation.z
      value: 0.65256584
      objectReference: {fileID: 0}
    - target: {fileID: -8679921383154817045, guid: b7092407d7f06fe44bb940019f328771, type: 3}
      propertyPath: m_LocalEulerAnglesHint.x
      value: -89.98
      objectReference: {fileID: 0}
    - target: {fileID: -8679921383154817045, guid: b7092407d7f06fe44bb940019f328771, type: 3}
      propertyPath: m_LocalEulerAnglesHint.y
      value: 0
      objectReference: {fileID: 0}
    - target: {fileID: -8679921383154817045, guid: b7092407d7f06fe44bb940019f328771, type: 3}
      propertyPath: m_LocalEulerAnglesHint.z
      value: 225.35
      objectReference: {fileID: 0}
    - target: {fileID: -7511558181221131132, guid: b7092407d7f06fe44bb940019f328771, type: 3}
      propertyPath: m_Materials.Array.data[0]
      value: 
      objectReference: {fileID: 2100000, guid: 60b80ed525663db4a9a35cca4cadbf01, type: 2}
    - target: {fileID: 919132149155446097, guid: b7092407d7f06fe44bb940019f328771, type: 3}
      propertyPath: m_Name
      value: Glade
      objectReference: {fileID: 0}
    - target: {fileID: 919132149155446097, guid: b7092407d7f06fe44bb940019f328771, type: 3}
      propertyPath: m_Layer
      value: 14
      objectReference: {fileID: 0}
    m_RemovedComponents: []
  m_SourcePrefab: {fileID: 100100000, guid: b7092407d7f06fe44bb940019f328771, type: 3}
--- !u!4 &104560737902248727 stripped
Transform:
  m_CorrespondingSourceObject: {fileID: -8679921383154817045, guid: b7092407d7f06fe44bb940019f328771, type: 3}
  m_PrefabInstance: {fileID: 502644019497575676}
  m_PrefabAsset: {fileID: 0}
--- !u!1001 &1930093469127495068
PrefabInstance:
  m_ObjectHideFlags: 0
  serializedVersion: 2
  m_Modification:
    m_TransformParent: {fileID: 6717787427148432244}
    m_Modifications:
    - target: {fileID: -8679921383154817045, guid: c42c043b2d2394442af90b79a24fe650, type: 3}
      propertyPath: m_RootOrder
      value: 0
      objectReference: {fileID: 0}
    - target: {fileID: -8679921383154817045, guid: c42c043b2d2394442af90b79a24fe650, type: 3}
      propertyPath: m_LocalScale.x
      value: 40
      objectReference: {fileID: 0}
    - target: {fileID: -8679921383154817045, guid: c42c043b2d2394442af90b79a24fe650, type: 3}
      propertyPath: m_LocalScale.y
      value: 40
      objectReference: {fileID: 0}
    - target: {fileID: -8679921383154817045, guid: c42c043b2d2394442af90b79a24fe650, type: 3}
      propertyPath: m_LocalScale.z
      value: 40
      objectReference: {fileID: 0}
    - target: {fileID: -8679921383154817045, guid: c42c043b2d2394442af90b79a24fe650, type: 3}
      propertyPath: m_LocalPosition.x
      value: 0
      objectReference: {fileID: 0}
    - target: {fileID: -8679921383154817045, guid: c42c043b2d2394442af90b79a24fe650, type: 3}
      propertyPath: m_LocalPosition.y
      value: -0.24
      objectReference: {fileID: 0}
    - target: {fileID: -8679921383154817045, guid: c42c043b2d2394442af90b79a24fe650, type: 3}
      propertyPath: m_LocalPosition.z
      value: 0
      objectReference: {fileID: 0}
    - target: {fileID: -8679921383154817045, guid: c42c043b2d2394442af90b79a24fe650, type: 3}
      propertyPath: m_LocalRotation.w
      value: 0.19121748
      objectReference: {fileID: 0}
    - target: {fileID: -8679921383154817045, guid: c42c043b2d2394442af90b79a24fe650, type: 3}
      propertyPath: m_LocalRotation.x
      value: -0.1852703
      objectReference: {fileID: 0}
    - target: {fileID: -8679921383154817045, guid: c42c043b2d2394442af90b79a24fe650, type: 3}
      propertyPath: m_LocalRotation.y
      value: 0.6043981
      objectReference: {fileID: 0}
    - target: {fileID: -8679921383154817045, guid: c42c043b2d2394442af90b79a24fe650, type: 3}
      propertyPath: m_LocalRotation.z
      value: 0.7508754
      objectReference: {fileID: 0}
    - target: {fileID: -8679921383154817045, guid: c42c043b2d2394442af90b79a24fe650, type: 3}
      propertyPath: m_LocalEulerAnglesHint.x
      value: -78.1
      objectReference: {fileID: 0}
    - target: {fileID: -8679921383154817045, guid: c42c043b2d2394442af90b79a24fe650, type: 3}
      propertyPath: m_LocalEulerAnglesHint.y
      value: -13.2
      objectReference: {fileID: 0}
    - target: {fileID: -8679921383154817045, guid: c42c043b2d2394442af90b79a24fe650, type: 3}
      propertyPath: m_LocalEulerAnglesHint.z
      value: 162.15
      objectReference: {fileID: 0}
    - target: {fileID: -7511558181221131132, guid: c42c043b2d2394442af90b79a24fe650, type: 3}
      propertyPath: m_Materials.Array.data[0]
      value: 
      objectReference: {fileID: 2100000, guid: 303a40fc504b7b440a3f2998d6a4b977, type: 2}
    - target: {fileID: 919132149155446097, guid: c42c043b2d2394442af90b79a24fe650, type: 3}
      propertyPath: m_Name
      value: SaintWater
      objectReference: {fileID: 0}
    - target: {fileID: 919132149155446097, guid: c42c043b2d2394442af90b79a24fe650, type: 3}
      propertyPath: m_Layer
      value: 14
      objectReference: {fileID: 0}
    m_RemovedComponents: []
  m_SourcePrefab: {fileID: 100100000, guid: c42c043b2d2394442af90b79a24fe650, type: 3}
--- !u!4 &2108714549171989111 stripped
Transform:
  m_CorrespondingSourceObject: {fileID: -8679921383154817045, guid: c42c043b2d2394442af90b79a24fe650, type: 3}
  m_PrefabInstance: {fileID: 1930093469127495068}
  m_PrefabAsset: {fileID: 0}
--- !u!1001 &2131092795928725653
PrefabInstance:
  m_ObjectHideFlags: 0
  serializedVersion: 2
  m_Modification:
    m_TransformParent: {fileID: 4230441868602878640}
    m_Modifications:
    - target: {fileID: -8679921383154817045, guid: 7cd2fc7f0102c1d48a4fcd33bf3ea5ff, type: 3}
      propertyPath: m_RootOrder
      value: 0
      objectReference: {fileID: 0}
    - target: {fileID: -8679921383154817045, guid: 7cd2fc7f0102c1d48a4fcd33bf3ea5ff, type: 3}
      propertyPath: m_LocalScale.x
      value: 70
      objectReference: {fileID: 0}
    - target: {fileID: -8679921383154817045, guid: 7cd2fc7f0102c1d48a4fcd33bf3ea5ff, type: 3}
      propertyPath: m_LocalScale.y
      value: 70
      objectReference: {fileID: 0}
    - target: {fileID: -8679921383154817045, guid: 7cd2fc7f0102c1d48a4fcd33bf3ea5ff, type: 3}
      propertyPath: m_LocalScale.z
      value: 70
      objectReference: {fileID: 0}
    - target: {fileID: -8679921383154817045, guid: 7cd2fc7f0102c1d48a4fcd33bf3ea5ff, type: 3}
      propertyPath: m_LocalPosition.x
      value: 0
      objectReference: {fileID: 0}
    - target: {fileID: -8679921383154817045, guid: 7cd2fc7f0102c1d48a4fcd33bf3ea5ff, type: 3}
      propertyPath: m_LocalPosition.y
      value: 0
      objectReference: {fileID: 0}
    - target: {fileID: -8679921383154817045, guid: 7cd2fc7f0102c1d48a4fcd33bf3ea5ff, type: 3}
      propertyPath: m_LocalPosition.z
      value: 0
      objectReference: {fileID: 0}
    - target: {fileID: -8679921383154817045, guid: 7cd2fc7f0102c1d48a4fcd33bf3ea5ff, type: 3}
      propertyPath: m_LocalRotation.w
      value: 0.16763861
      objectReference: {fileID: 0}
    - target: {fileID: -8679921383154817045, guid: 7cd2fc7f0102c1d48a4fcd33bf3ea5ff, type: 3}
      propertyPath: m_LocalRotation.x
      value: -0.11793652
      objectReference: {fileID: 0}
    - target: {fileID: -8679921383154817045, guid: 7cd2fc7f0102c1d48a4fcd33bf3ea5ff, type: 3}
      propertyPath: m_LocalRotation.y
      value: 0.97596157
      objectReference: {fileID: 0}
    - target: {fileID: -8679921383154817045, guid: 7cd2fc7f0102c1d48a4fcd33bf3ea5ff, type: 3}
      propertyPath: m_LocalRotation.z
      value: -0.074076004
      objectReference: {fileID: 0}
    - target: {fileID: -8679921383154817045, guid: 7cd2fc7f0102c1d48a4fcd33bf3ea5ff, type: 3}
      propertyPath: m_LocalEulerAnglesHint.x
      value: 173.97
      objectReference: {fileID: 0}
    - target: {fileID: -8679921383154817045, guid: 7cd2fc7f0102c1d48a4fcd33bf3ea5ff, type: 3}
      propertyPath: m_LocalEulerAnglesHint.y
      value: -20.28
      objectReference: {fileID: 0}
    - target: {fileID: -8679921383154817045, guid: 7cd2fc7f0102c1d48a4fcd33bf3ea5ff, type: 3}
      propertyPath: m_LocalEulerAnglesHint.z
      value: -194.86
      objectReference: {fileID: 0}
    - target: {fileID: -7511558181221131132, guid: 7cd2fc7f0102c1d48a4fcd33bf3ea5ff, type: 3}
      propertyPath: m_Materials.Array.data[0]
      value: 
      objectReference: {fileID: 2100000, guid: 97ecf53250395cc4289e950572fdbfe4, type: 2}
    - target: {fileID: 919132149155446097, guid: 7cd2fc7f0102c1d48a4fcd33bf3ea5ff, type: 3}
      propertyPath: m_Name
      value: Gazeta (1)
      objectReference: {fileID: 0}
    - target: {fileID: 919132149155446097, guid: 7cd2fc7f0102c1d48a4fcd33bf3ea5ff, type: 3}
      propertyPath: m_Layer
      value: 14
      objectReference: {fileID: 0}
    - target: {fileID: 919132149155446097, guid: 7cd2fc7f0102c1d48a4fcd33bf3ea5ff, type: 3}
      propertyPath: m_IsActive
      value: 1
      objectReference: {fileID: 0}
    m_RemovedComponents: []
  m_SourcePrefab: {fileID: 100100000, guid: 7cd2fc7f0102c1d48a4fcd33bf3ea5ff, type: 3}
--- !u!4 &1880693637491502974 stripped
Transform:
  m_CorrespondingSourceObject: {fileID: -8679921383154817045, guid: 7cd2fc7f0102c1d48a4fcd33bf3ea5ff, type: 3}
  m_PrefabInstance: {fileID: 2131092795928725653}
  m_PrefabAsset: {fileID: 0}
--- !u!1001 &2813423269500473498
PrefabInstance:
  m_ObjectHideFlags: 0
  serializedVersion: 2
  m_Modification:
    m_TransformParent: {fileID: 7152150979719780526}
    m_Modifications:
    - target: {fileID: -8679921383154817045, guid: 377e6978215e3c54a88cd9ac17340e98, type: 3}
      propertyPath: m_RootOrder
      value: 0
      objectReference: {fileID: 0}
    - target: {fileID: -8679921383154817045, guid: 377e6978215e3c54a88cd9ac17340e98, type: 3}
      propertyPath: m_LocalPosition.x
      value: 0
      objectReference: {fileID: 0}
    - target: {fileID: -8679921383154817045, guid: 377e6978215e3c54a88cd9ac17340e98, type: 3}
      propertyPath: m_LocalPosition.y
      value: 0
      objectReference: {fileID: 0}
    - target: {fileID: -8679921383154817045, guid: 377e6978215e3c54a88cd9ac17340e98, type: 3}
      propertyPath: m_LocalPosition.z
      value: 0
      objectReference: {fileID: 0}
    - target: {fileID: -8679921383154817045, guid: 377e6978215e3c54a88cd9ac17340e98, type: 3}
      propertyPath: m_LocalRotation.w
      value: 0.7071067
      objectReference: {fileID: 0}
    - target: {fileID: -8679921383154817045, guid: 377e6978215e3c54a88cd9ac17340e98, type: 3}
      propertyPath: m_LocalRotation.x
      value: -0.7071068
      objectReference: {fileID: 0}
    - target: {fileID: -8679921383154817045, guid: 377e6978215e3c54a88cd9ac17340e98, type: 3}
      propertyPath: m_LocalRotation.y
      value: 0
      objectReference: {fileID: 0}
    - target: {fileID: -8679921383154817045, guid: 377e6978215e3c54a88cd9ac17340e98, type: 3}
      propertyPath: m_LocalRotation.z
      value: -0
      objectReference: {fileID: 0}
    - target: {fileID: -8679921383154817045, guid: 377e6978215e3c54a88cd9ac17340e98, type: 3}
      propertyPath: m_LocalEulerAnglesHint.x
      value: 0
      objectReference: {fileID: 0}
    - target: {fileID: -8679921383154817045, guid: 377e6978215e3c54a88cd9ac17340e98, type: 3}
      propertyPath: m_LocalEulerAnglesHint.y
      value: 0
      objectReference: {fileID: 0}
    - target: {fileID: -8679921383154817045, guid: 377e6978215e3c54a88cd9ac17340e98, type: 3}
      propertyPath: m_LocalEulerAnglesHint.z
      value: 0
      objectReference: {fileID: 0}
    - target: {fileID: -7511558181221131132, guid: 377e6978215e3c54a88cd9ac17340e98, type: 3}
      propertyPath: m_Materials.Array.data[0]
      value: 
      objectReference: {fileID: 2100000, guid: a3a84d72ad122ca44a4605fb2e40b5b4, type: 2}
    - target: {fileID: 919132149155446097, guid: 377e6978215e3c54a88cd9ac17340e98, type: 3}
      propertyPath: m_Name
      value: Stakan
      objectReference: {fileID: 0}
    - target: {fileID: 919132149155446097, guid: 377e6978215e3c54a88cd9ac17340e98, type: 3}
      propertyPath: m_Layer
      value: 14
      objectReference: {fileID: 0}
    m_RemovedComponents: []
  m_SourcePrefab: {fileID: 100100000, guid: 377e6978215e3c54a88cd9ac17340e98, type: 3}
--- !u!4 &2342418211097130865 stripped
Transform:
  m_CorrespondingSourceObject: {fileID: -8679921383154817045, guid: 377e6978215e3c54a88cd9ac17340e98, type: 3}
  m_PrefabInstance: {fileID: 2813423269500473498}
  m_PrefabAsset: {fileID: 0}
--- !u!1001 &2892109805799646197
PrefabInstance:
  m_ObjectHideFlags: 0
  serializedVersion: 2
  m_Modification:
    m_TransformParent: {fileID: 6976511408447845850}
    m_Modifications:
    - target: {fileID: -8679921383154817045, guid: b83ba74b8a16cf945b9b8fe707ba649f, type: 3}
      propertyPath: m_RootOrder
      value: 0
      objectReference: {fileID: 0}
    - target: {fileID: -8679921383154817045, guid: b83ba74b8a16cf945b9b8fe707ba649f, type: 3}
      propertyPath: m_LocalScale.x
      value: 250
      objectReference: {fileID: 0}
    - target: {fileID: -8679921383154817045, guid: b83ba74b8a16cf945b9b8fe707ba649f, type: 3}
      propertyPath: m_LocalScale.y
      value: 250
      objectReference: {fileID: 0}
    - target: {fileID: -8679921383154817045, guid: b83ba74b8a16cf945b9b8fe707ba649f, type: 3}
      propertyPath: m_LocalScale.z
      value: 250
      objectReference: {fileID: 0}
    - target: {fileID: -8679921383154817045, guid: b83ba74b8a16cf945b9b8fe707ba649f, type: 3}
      propertyPath: m_LocalPosition.x
      value: 0
      objectReference: {fileID: 0}
    - target: {fileID: -8679921383154817045, guid: b83ba74b8a16cf945b9b8fe707ba649f, type: 3}
      propertyPath: m_LocalPosition.y
      value: 0.138
      objectReference: {fileID: 0}
    - target: {fileID: -8679921383154817045, guid: b83ba74b8a16cf945b9b8fe707ba649f, type: 3}
      propertyPath: m_LocalPosition.z
      value: -0.32
      objectReference: {fileID: 0}
    - target: {fileID: -8679921383154817045, guid: b83ba74b8a16cf945b9b8fe707ba649f, type: 3}
      propertyPath: m_LocalRotation.w
      value: 0.4020099
      objectReference: {fileID: 0}
    - target: {fileID: -8679921383154817045, guid: b83ba74b8a16cf945b9b8fe707ba649f, type: 3}
      propertyPath: m_LocalRotation.x
      value: -0.89252645
      objectReference: {fileID: 0}
    - target: {fileID: -8679921383154817045, guid: b83ba74b8a16cf945b9b8fe707ba649f, type: 3}
      propertyPath: m_LocalRotation.y
      value: 0.06951738
      objectReference: {fileID: 0}
    - target: {fileID: -8679921383154817045, guid: b83ba74b8a16cf945b9b8fe707ba649f, type: 3}
      propertyPath: m_LocalRotation.z
      value: -0.192229
      objectReference: {fileID: 0}
    - target: {fileID: -8679921383154817045, guid: b83ba74b8a16cf945b9b8fe707ba649f, type: 3}
      propertyPath: m_LocalEulerAnglesHint.x
      value: -136.3
      objectReference: {fileID: 0}
    - target: {fileID: -8679921383154817045, guid: b83ba74b8a16cf945b9b8fe707ba649f, type: 3}
      propertyPath: m_LocalEulerAnglesHint.y
      value: -33.5
      objectReference: {fileID: 0}
    - target: {fileID: -8679921383154817045, guid: b83ba74b8a16cf945b9b8fe707ba649f, type: 3}
      propertyPath: m_LocalEulerAnglesHint.z
      value: 22.67
      objectReference: {fileID: 0}
    - target: {fileID: -7511558181221131132, guid: b83ba74b8a16cf945b9b8fe707ba649f, type: 3}
      propertyPath: m_Materials.Array.data[0]
      value: 
      objectReference: {fileID: 2100000, guid: 507ec581e1ff69246b2262a0c7c57a0b, type: 2}
    - target: {fileID: 919132149155446097, guid: b83ba74b8a16cf945b9b8fe707ba649f, type: 3}
      propertyPath: m_Name
      value: TrashCap (1)
      objectReference: {fileID: 0}
    - target: {fileID: 919132149155446097, guid: b83ba74b8a16cf945b9b8fe707ba649f, type: 3}
      propertyPath: m_Layer
      value: 14
      objectReference: {fileID: 0}
    m_RemovedComponents: []
  m_SourcePrefab: {fileID: 100100000, guid: b83ba74b8a16cf945b9b8fe707ba649f, type: 3}
--- !u!4 &3434117822058447902 stripped
Transform:
  m_CorrespondingSourceObject: {fileID: -8679921383154817045, guid: b83ba74b8a16cf945b9b8fe707ba649f, type: 3}
  m_PrefabInstance: {fileID: 2892109805799646197}
  m_PrefabAsset: {fileID: 0}
--- !u!1001 &5160883827294133270
PrefabInstance:
  m_ObjectHideFlags: 0
  serializedVersion: 2
  m_Modification:
    m_TransformParent: {fileID: 4412544321310460192}
    m_Modifications:
    - target: {fileID: -8679921383154817045, guid: 87932e4c4460345499988777dfa0fe77, type: 3}
      propertyPath: m_RootOrder
      value: 0
      objectReference: {fileID: 0}
    - target: {fileID: -8679921383154817045, guid: 87932e4c4460345499988777dfa0fe77, type: 3}
      propertyPath: m_LocalScale.x
      value: 200
      objectReference: {fileID: 0}
    - target: {fileID: -8679921383154817045, guid: 87932e4c4460345499988777dfa0fe77, type: 3}
      propertyPath: m_LocalScale.y
      value: 200
      objectReference: {fileID: 0}
    - target: {fileID: -8679921383154817045, guid: 87932e4c4460345499988777dfa0fe77, type: 3}
      propertyPath: m_LocalScale.z
      value: 200
      objectReference: {fileID: 0}
    - target: {fileID: -8679921383154817045, guid: 87932e4c4460345499988777dfa0fe77, type: 3}
      propertyPath: m_LocalPosition.x
      value: 0
      objectReference: {fileID: 0}
    - target: {fileID: -8679921383154817045, guid: 87932e4c4460345499988777dfa0fe77, type: 3}
      propertyPath: m_LocalPosition.y
      value: 0.52
      objectReference: {fileID: 0}
    - target: {fileID: -8679921383154817045, guid: 87932e4c4460345499988777dfa0fe77, type: 3}
      propertyPath: m_LocalPosition.z
      value: 0
      objectReference: {fileID: 0}
    - target: {fileID: -8679921383154817045, guid: 87932e4c4460345499988777dfa0fe77, type: 3}
      propertyPath: m_LocalRotation.w
      value: 0.016264183
      objectReference: {fileID: 0}
    - target: {fileID: -8679921383154817045, guid: 87932e4c4460345499988777dfa0fe77, type: 3}
      propertyPath: m_LocalRotation.x
      value: -0.0012869798
      objectReference: {fileID: 0}
    - target: {fileID: -8679921383154817045, guid: 87932e4c4460345499988777dfa0fe77, type: 3}
      propertyPath: m_LocalRotation.y
      value: 0.62964606
      objectReference: {fileID: 0}
    - target: {fileID: -8679921383154817045, guid: 87932e4c4460345499988777dfa0fe77, type: 3}
      propertyPath: m_LocalRotation.z
      value: 0.7767108
      objectReference: {fileID: 0}
    - target: {fileID: -8679921383154817045, guid: 87932e4c4460345499988777dfa0fe77, type: 3}
      propertyPath: m_LocalEulerAnglesHint.x
      value: -78
      objectReference: {fileID: 0}
    - target: {fileID: -8679921383154817045, guid: 87932e4c4460345499988777dfa0fe77, type: 3}
      propertyPath: m_LocalEulerAnglesHint.y
      value: 5.1
      objectReference: {fileID: 0}
    - target: {fileID: -8679921383154817045, guid: 87932e4c4460345499988777dfa0fe77, type: 3}
      propertyPath: m_LocalEulerAnglesHint.z
      value: 173.47
      objectReference: {fileID: 0}
    - target: {fileID: -7511558181221131132, guid: 87932e4c4460345499988777dfa0fe77, type: 3}
      propertyPath: m_Materials.Array.data[0]
      value: 
      objectReference: {fileID: 2100000, guid: 47ed4f48ed0a02e4ea00eaa6ce58853f, type: 2}
    - target: {fileID: 919132149155446097, guid: 87932e4c4460345499988777dfa0fe77, type: 3}
      propertyPath: m_Name
      value: Vinegar
      objectReference: {fileID: 0}
    - target: {fileID: 919132149155446097, guid: 87932e4c4460345499988777dfa0fe77, type: 3}
      propertyPath: m_Layer
      value: 14
      objectReference: {fileID: 0}
    m_RemovedComponents: []
  m_SourcePrefab: {fileID: 100100000, guid: 87932e4c4460345499988777dfa0fe77, type: 3}
--- !u!4 &4617769625563806717 stripped
Transform:
  m_CorrespondingSourceObject: {fileID: -8679921383154817045, guid: 87932e4c4460345499988777dfa0fe77, type: 3}
  m_PrefabInstance: {fileID: 5160883827294133270}
  m_PrefabAsset: {fileID: 0}
--- !u!1001 &5921417624066576393
PrefabInstance:
  m_ObjectHideFlags: 0
  serializedVersion: 2
  m_Modification:
    m_TransformParent: {fileID: 62778587199587600}
    m_Modifications:
    - target: {fileID: -8679921383154817045, guid: 0d2f37590aca33643bd853636b3faff1, type: 3}
      propertyPath: m_RootOrder
      value: 0
      objectReference: {fileID: 0}
    - target: {fileID: -8679921383154817045, guid: 0d2f37590aca33643bd853636b3faff1, type: 3}
      propertyPath: m_LocalScale.x
      value: 110
      objectReference: {fileID: 0}
    - target: {fileID: -8679921383154817045, guid: 0d2f37590aca33643bd853636b3faff1, type: 3}
      propertyPath: m_LocalScale.y
      value: 110
      objectReference: {fileID: 0}
    - target: {fileID: -8679921383154817045, guid: 0d2f37590aca33643bd853636b3faff1, type: 3}
      propertyPath: m_LocalScale.z
      value: 110
      objectReference: {fileID: 0}
    - target: {fileID: -8679921383154817045, guid: 0d2f37590aca33643bd853636b3faff1, type: 3}
      propertyPath: m_LocalPosition.x
      value: 0.12
      objectReference: {fileID: 0}
    - target: {fileID: -8679921383154817045, guid: 0d2f37590aca33643bd853636b3faff1, type: 3}
      propertyPath: m_LocalPosition.y
      value: 0.64
      objectReference: {fileID: 0}
    - target: {fileID: -8679921383154817045, guid: 0d2f37590aca33643bd853636b3faff1, type: 3}
      propertyPath: m_LocalPosition.z
      value: -0.024
      objectReference: {fileID: 0}
    - target: {fileID: -8679921383154817045, guid: 0d2f37590aca33643bd853636b3faff1, type: 3}
      propertyPath: m_LocalRotation.w
      value: 0.6078631
      objectReference: {fileID: 0}
    - target: {fileID: -8679921383154817045, guid: 0d2f37590aca33643bd853636b3faff1, type: 3}
      propertyPath: m_LocalRotation.x
      value: -0.6738548
      objectReference: {fileID: 0}
    - target: {fileID: -8679921383154817045, guid: 0d2f37590aca33643bd853636b3faff1, type: 3}
      propertyPath: m_LocalRotation.y
      value: 0.1816557
      objectReference: {fileID: 0}
    - target: {fileID: -8679921383154817045, guid: 0d2f37590aca33643bd853636b3faff1, type: 3}
      propertyPath: m_LocalRotation.z
      value: 0.3787128
      objectReference: {fileID: 0}
    - target: {fileID: -8679921383154817045, guid: 0d2f37590aca33643bd853636b3faff1, type: 3}
      propertyPath: m_LocalEulerAnglesHint.x
      value: -73.1
      objectReference: {fileID: 0}
    - target: {fileID: -8679921383154817045, guid: 0d2f37590aca33643bd853636b3faff1, type: 3}
      propertyPath: m_LocalEulerAnglesHint.y
      value: -84.9
      objectReference: {fileID: 0}
    - target: {fileID: -8679921383154817045, guid: 0d2f37590aca33643bd853636b3faff1, type: 3}
      propertyPath: m_LocalEulerAnglesHint.z
      value: 132.13
      objectReference: {fileID: 0}
    - target: {fileID: -7511558181221131132, guid: 0d2f37590aca33643bd853636b3faff1, type: 3}
      propertyPath: m_Materials.Array.data[0]
      value: 
      objectReference: {fileID: 2100000, guid: 86cbd37b8ef4d924c826ae06d4c0131f, type: 2}
    - target: {fileID: 919132149155446097, guid: 0d2f37590aca33643bd853636b3faff1, type: 3}
      propertyPath: m_Name
      value: VacuumCleaner
      objectReference: {fileID: 0}
    - target: {fileID: 919132149155446097, guid: 0d2f37590aca33643bd853636b3faff1, type: 3}
      propertyPath: m_Layer
      value: 14
      objectReference: {fileID: 0}
    m_RemovedComponents: []
  m_SourcePrefab: {fileID: 100100000, guid: 0d2f37590aca33643bd853636b3faff1, type: 3}
--- !u!4 &6172078327818663906 stripped
Transform:
  m_CorrespondingSourceObject: {fileID: -8679921383154817045, guid: 0d2f37590aca33643bd853636b3faff1, type: 3}
  m_PrefabInstance: {fileID: 5921417624066576393}
  m_PrefabAsset: {fileID: 0}
--- !u!1001 &8316896353293722526
PrefabInstance:
  m_ObjectHideFlags: 0
  serializedVersion: 2
  m_Modification:
    m_TransformParent: {fileID: 5587443152647187089}
    m_Modifications:
    - target: {fileID: -8679921383154817045, guid: a65df6695b36f1647972577fcda4886d, type: 3}
      propertyPath: m_RootOrder
      value: 0
      objectReference: {fileID: 0}
    - target: {fileID: -8679921383154817045, guid: a65df6695b36f1647972577fcda4886d, type: 3}
      propertyPath: m_LocalScale.x
      value: 130
      objectReference: {fileID: 0}
    - target: {fileID: -8679921383154817045, guid: a65df6695b36f1647972577fcda4886d, type: 3}
      propertyPath: m_LocalScale.y
      value: 130
      objectReference: {fileID: 0}
    - target: {fileID: -8679921383154817045, guid: a65df6695b36f1647972577fcda4886d, type: 3}
      propertyPath: m_LocalScale.z
      value: 130
      objectReference: {fileID: 0}
    - target: {fileID: -8679921383154817045, guid: a65df6695b36f1647972577fcda4886d, type: 3}
      propertyPath: m_LocalPosition.x
      value: 0
      objectReference: {fileID: 0}
    - target: {fileID: -8679921383154817045, guid: a65df6695b36f1647972577fcda4886d, type: 3}
      propertyPath: m_LocalPosition.y
      value: 0.137
      objectReference: {fileID: 0}
    - target: {fileID: -8679921383154817045, guid: a65df6695b36f1647972577fcda4886d, type: 3}
      propertyPath: m_LocalPosition.z
      value: -0.033
      objectReference: {fileID: 0}
    - target: {fileID: -8679921383154817045, guid: a65df6695b36f1647972577fcda4886d, type: 3}
      propertyPath: m_LocalRotation.w
      value: -0.11641687
      objectReference: {fileID: 0}
    - target: {fileID: -8679921383154817045, guid: a65df6695b36f1647972577fcda4886d, type: 3}
      propertyPath: m_LocalRotation.x
      value: -0.9932004
      objectReference: {fileID: 0}
    - target: {fileID: -8679921383154817045, guid: a65df6695b36f1647972577fcda4886d, type: 3}
      propertyPath: m_LocalRotation.y
      value: -0
      objectReference: {fileID: 0}
    - target: {fileID: -8679921383154817045, guid: a65df6695b36f1647972577fcda4886d, type: 3}
      propertyPath: m_LocalRotation.z
      value: -0
      objectReference: {fileID: 0}
    - target: {fileID: -8679921383154817045, guid: a65df6695b36f1647972577fcda4886d, type: 3}
      propertyPath: m_LocalEulerAnglesHint.x
      value: -193.371
      objectReference: {fileID: 0}
    - target: {fileID: -8679921383154817045, guid: a65df6695b36f1647972577fcda4886d, type: 3}
      propertyPath: m_LocalEulerAnglesHint.y
      value: 0
      objectReference: {fileID: 0}
    - target: {fileID: -8679921383154817045, guid: a65df6695b36f1647972577fcda4886d, type: 3}
      propertyPath: m_LocalEulerAnglesHint.z
      value: 0
      objectReference: {fileID: 0}
    - target: {fileID: -7511558181221131132, guid: a65df6695b36f1647972577fcda4886d, type: 3}
      propertyPath: m_Materials.Array.data[0]
      value: 
      objectReference: {fileID: 2100000, guid: 501a42fa53a60064b9e846032876a9fa, type: 2}
    - target: {fileID: 919132149155446097, guid: a65df6695b36f1647972577fcda4886d, type: 3}
      propertyPath: m_Name
      value: Doska
      objectReference: {fileID: 0}
    - target: {fileID: 919132149155446097, guid: a65df6695b36f1647972577fcda4886d, type: 3}
      propertyPath: m_Layer
      value: 14
      objectReference: {fileID: 0}
    m_RemovedComponents: []
  m_SourcePrefab: {fileID: 100100000, guid: a65df6695b36f1647972577fcda4886d, type: 3}
--- !u!4 &8422070323698795637 stripped
Transform:
  m_CorrespondingSourceObject: {fileID: -8679921383154817045, guid: a65df6695b36f1647972577fcda4886d, type: 3}
  m_PrefabInstance: {fileID: 8316896353293722526}
  m_PrefabAsset: {fileID: 0}
